@article{Urieles2011a,
author = {Urieles, A.},
journal = {Seminario de Investigación I},
title = {{Interés de Investigación}},
url = {http://lisi1.unal.edu.co/~aeurielesn/docs/2011/sem1/deliveries/interes-de-investigacion.pdf},
year = {2011}
}
@article{Urieles2011b,
author = {Urieles, A.},
journal = {Seminario de Investigación I},
title = {{Lista Inicial de Fuentes de Informacion}},
url = {http://lisi1.unal.edu.co/~aeurielesn/docs/2011/sem1/deliveries/identificacion-inicial-de-fuentes.pdf},
year = {2011}
}
@article{Urieles2011c,
author = {Urieles, A.},
journal = {Seminario de Investigación I},
title = {{Lista Inicial de Referencias}},
url = {http://www.mendeley.com/groups/952741/datacompression-alexanderurieles/papers/},
year = {2011}
}
@book{Davis1997,
author = {Davis, Gordon B.},
isbn = {9780812098006},
pages = {160},
publisher = {Barron's Educational Series},
title = {{Writing the Doctoral Dissertation}},
url = {http://www.amazon.com/Writing-Doctoral-Dissertation-Gordon-Davis/dp/0812098005},
year = {1997}
}
@book{Booth2003,
author = {Booth, Wayne C. and Williams, Joseph M. and Colomb, Gregory G.},
isbn = {0226065685},
pages = {336},
publisher = {University Of Chicago Press},
title = {{The Craft of Research, 2nd edition (Chicago Guides to Writing, Editing, and Publishing)}},
url = {http://www.amazon.com/Research-Chicago-Writing-Editing-Publishing/dp/0226065685},
year = {2003}
}
