@article{Urieles2011a,
author = {Urieles, A.},
journal = {Seminario de Investigación I},
title = {{Interés de Investigación}},
url = {http://lisi1.unal.edu.co/~aeurielesn/docs/2011/sem1/deliveries/interes-de-investigacion.pdf},
year = {2011}
}
@article{Urieles2011b,
author = {Urieles, A.},
journal = {Seminario de Investigación I},
title = {{Lista Inicial de Fuentes de Informacion}},
url = {http://lisi1.unal.edu.co/~aeurielesn/docs/2011/sem1/deliveries/identificacion-inicial-de-fuentes.pdf},
year = {2011}
}
@article{Urieles2011c,
author = {Urieles, A.},
journal = {Seminario de Investigación I},
title = {{Lista Inicial de Referencias}},
url = {http://www.mendeley.com/groups/952741/datacompression-alexanderurieles/papers/},
year = {2011}
}
@book{Davis1997,
author = {Davis, Gordon B.},
isbn = {9780812098006},
pages = {160},
publisher = {Barron's Educational Series},
title = {{Writing the Doctoral Dissertation}},
url = {http://www.amazon.com/Writing-Doctoral-Dissertation-Gordon-Davis/dp/0812098005},
year = {1997}
}
@book{Booth2003,
author = {Booth, Wayne C. and Williams, Joseph M. and Colomb, Gregory G.},
isbn = {0226065685},
pages = {336},
publisher = {University Of Chicago Press},
title = {{The Craft of Research, 2nd edition (Chicago Guides to Writing, Editing, and Publishing)}},
url = {http://www.amazon.com/Research-Chicago-Writing-Editing-Publishing/dp/0226065685},
year = {2003}
}
@article{Manber1997,
author = {Manber, U},
journal = {ACM Transactions on Information Systems (TOIS)},
keywords = {algorithm,compressed file,searching},
title = {{A text compression scheme that allows fast searching directly in the compressed file}},
url = {http://portal.acm.org/citation.cfm?id=248639\&dl=GUIDE,},
year = {1997}
}
@article{Amir2002,
author = {Amir, A. and Benson, C.},
journal = {Data Compression Conference, 1992.},
keywords = {data compression,searching},
title = {{Efficient two-dimensional compressed matching}},
year = {2002}
}
@article{Ziv2002,
annotate = {LZ77},
author = {Ziv, J. and Lempel, A.},
journal = {Information Theory, IEEE Transactions on},
keywords = {data compression},
mendeley-tags = {data compression},
number = {3},
pages = {337----343},
title = {{A universal algorithm for sequential data compression}},
url = {http://ieeexplore.ieee.org/xpls/abs\_all.jsp?arnumber=1055714},
volume = {2003},
year = {2002}
}
@article{Ziv2003,
annotate = {LZ78},
author = {Ziv, J. and Lempel, A.},
journal = {Information Theory, IEEE Transactions on},
keywords = {data compression},
mendeley-tags = {data compression},
number = {5},
pages = {530----536},
title = {{Compression of individual sequences via variable-rate coding}},
url = {http://ieeexplore.ieee.org/xpls/abs\_all.jsp?arnumber=1055934},
volume = {24},
year = {2003}
}
@article{sunday1990very,
author = {Sunday, D.M.},
issn = {0001-0782},
journal = {Communications of the ACM},
number = {8},
pages = {132--142},
publisher = {ACM},
title = {{A very fast substring search algorithm}},
url = {http://portal.acm.org/citation.cfm?id=79184},
volume = {33},
year = {1990}
}
