@article{Amir2002,
annote = {Propone un nuevo paradigma, el problema de Compressed Pattern Matching. Presenta una soluci\'{o}n para el problema usando compresi\'{o}n two-dimensional RLE.},
author = {Amir, A. and Benson, C.},
journal = {Data Compression Conference, 1992},
keywords = {bibliografia\_anotada,data compression,lista\_filtrada,rle,searching},
mendeley-tags = {bibliografia\_anotada,data compression,lista\_filtrada,rle,searching},
title = {{Efficient two-dimensional compressed matching}},
url = {http://ieeexplore.ieee.org/xpls/abs\_all.jsp?arnumber=227453},
year = {2002}
}
@inproceedings{amir2000inplace,
annote = {Presenta un algoritmo In-Place para el problema de Compressed Pattern Matching para el m\'{o}delo de compresi\'{o}n Two-Dimensional RLE.},
author = {Amir, A. and Landau, G.M. and Sokol, D.},
booktitle = {Proceedings of the eleventh annual ACM-SIAM symposium on Discrete algorithms},
isbn = {0898714532},
keywords = {bibliografia\_anotada,lista\_filtrada,rle},
mendeley-tags = {bibliografia\_anotada,lista\_filtrada,rle},
pages = {817--818},
publisher = {Society for Industrial and Applied Mathematics},
title = {{Inplace run-length 2d compressed search}},
url = {http://portal.acm.org/citation.cfm?id=338644},
year = {2000}
}
@article{Amir1996299,
abstract = {The current explosion of stored information necessitates a new model of pattern matching, that ofcompressed matching. In this model one tries to find all occurrences of a pattern in a compressed text in time proportional to the compressed text size,i.e., without decompressing the text. The most effective general purpose compression algorithms areadaptive, in that the text represented by each compression symbol is determined dynamically by the data. As a result, the encoding of a substring depends on its location. Thus the same substring may},
annote = {Presenta un algoritmo para b\'{u}squedas de ocurrencias en algoritmos LZ78/LZW para el problema de Compressed Pattern Matching. \'{U}til, base de muchas otras aproximaciones al problema. Unas de las primeras aproximaciones al problema.},
author = {Amir, Amihood and Benson, Gary and Farach, Martin},
doi = {DOI: 10.1006/jcss.1996.0023},
issn = {0022-0000},
journal = {Journal of Computer and System Sciences},
keywords = {bibliografia\_anotada,lista\_filtrada,lz78,lzw},
mendeley-tags = {bibliografia\_anotada,lista\_filtrada,lz78,lzw},
number = {2},
pages = {299--307},
title = {{Let Sleeping Files Lie: Pattern Matching in Z-Compressed Files}},
url = {http://www.sciencedirect.com/science/article/B6WJ0-45NJMJK-8/2/eabbcfebe41480a09770993d32402a27},
volume = {52},
year = {1996}
}
@inproceedings{bell2002searching,
annote = {Estudio de un algoritmo basado en el algoritmo Boyer-Moore (1977) para el problema de Compressed Pattern Matching. \'{U}til, aprovechamiento de la transformada de Burrows-Wheeler.},
author = {Bell, T. and Powell, M. and Mukherjee, A. and Adjeroh, D.},
booktitle = {Data Compression Conference, 2002. Proceedings. DCC 2002},
isbn = {0769514774},
issn = {1068-0314},
keywords = {bibliografia\_anotada,lista\_filtrada},
mendeley-tags = {bibliografia\_anotada,lista\_filtrada},
pages = {112--121},
publisher = {IEEE},
title = {{Searching BWT compressed text with the Boyer-Moore algorithm and binary search}},
url = {http://ieeexplore.ieee.org/xpls/abs\_all.jsp?arnumber=999949},
year = {2002}
}
@article{Brisaboa2007,
annote = {Propuesta de un algoritmo basado en End-Tagged Dense Codes para la b\'{u}squeda en texto comprimido. \'{U}til, mejora el trabajo de Moura (2000).},
author = {Brisaboa, NR and Fari\~{n}a, A},
journal = {Information Retrieval},
keywords = {bibliografia\_anotada,data compression,lista\_filtrada,searching},
mendeley-tags = {bibliografia\_anotada,data compression,lista\_filtrada,searching},
title = {{Lightweight natural language text compression}},
url = {http://www.springerlink.com/index/F2019344P476R022.pdf},
year = {2007}
}
@misc{burrows1994block,
annote = {Algoritmo de Burrows-Wheeler para compresi\'{o}n de informaci\'{o}n.},
author = {Burrows, M. and Wheeler, D.J.},
institution = {DEC Systems Research Center},
keywords = {bibliografia\_anotada,data compression,lista\_filtrada,lossless},
mendeley-tags = {bibliografia\_anotada,data compression,lista\_filtrada,lossless},
publisher = {Citeseer},
title = {{A block-sorting lossless data compression algorithm}},
url = {http://citeseerx.ist.psu.edu/viewdoc/summary?doi=10.1.1.141.5254},
year = {1994}
}
@inproceedings{chen2004compressed,
annote = {Presenta un algoritmo basado en Boyer-Moore para el problema de Compressed Pattern Matching en secuencias de ADN. Propone un esquema de compresi\'{o}n de secuencias DNA con un \'{\i}ndice de 75\% de compresi\'{o}n.},
author = {Chen, L. and Lu, S. and Ram, J.},
booktitle = {CSB '04 Proceedings of the 2004 IEEE Computational Systems Bioinformatics Conference},
keywords = {bibliografia\_anotada,boyer-moore,dna,lista\_filtrada,pattern matching,searching},
mendeley-tags = {bibliografia\_anotada,boyer-moore,dna,lista\_filtrada,pattern matching,searching},
publisher = {IEEE Computer Society},
title = {{Compressed pattern matching in DNA sequences}},
url = {http://www.computer.org/portal/web/csdl/doi/10.1109/CSB.2004.1332418},
year = {2004}
}
@article{crochemore1999text,
annote = {Estudio de algoritmos basados en Antidictionaries para compresi\'{o}n de texto. \'{U}til, genera c\'{o}digo que puede ser usado para el problema de Compressed Searching y el compresor puede ser paralelizable.},
author = {Crochemore, M. and Mignosi, F. and Restivo, A. and Salemi, S.},
journal = {Automata, Languages and Programming},
keywords = {antidictionary,bibliografia\_anotada,compressed text,lista\_filtrada,searching},
mendeley-tags = {antidictionary,bibliografia\_anotada,compressed text,lista\_filtrada,searching},
pages = {702--702},
publisher = {Springer},
title = {{Text compression using antidictionaries}},
url = {http://www.springerlink.com/index/74QA16QU6T0KD9TN.pdf},
year = {1999}
}
@inproceedings{DeMoura1998,
annote = {Presenta un algoritmo basado en compresi\'{o}n con el m\'{e}todo Byte-Oriented Word-Based Huffman Coding para el problema de Exact Compressed Pattern Matching y Approximate Compressed Pattern Matching.},
author = {{De Moura}, E. S. and Navarro, G and Ziviani, N and Baeza-Yates, R},
booktitle = {String Processing and Information Retrieval: A South American Symposium, 1998. Proceedings},
isbn = {VO -},
keywords = {English texts,Huffman codes,Huffman coding,agrep,approximate search,bibliografia\_anotada,coding alphabet,compressed pattern,compressed text,compression ratio,compression scheme,data compression,decompression technique,direct pattern matching,exact search,fast compression,huffman code,lista\_filtrada,natural language texts,natural languages,pattern matching,search problems,semi static word based modeling,sequential pattern matching algorithm,string matching,uncompressed version,word processing},
mendeley-tags = {bibliografia\_anotada,huffman code,lista\_filtrada},
pages = {90--95},
title = {{Direct pattern matching on compressed text}},
year = {1998}
}
@inproceedings{de1998fast,
annote = {Presenta una t\'{e}cnica basada en Byte-Oriented Word-Based Huffman Encoding que permite b\'{u}squedas aproximadas directamente en texto comprimido. Velocidad casi comparable con Compress.},
author = {{De Moura}, E.S. and Navarro, G. and Ziviani, N. and Baeza-Yates, R.},
booktitle = {Proceedings of the 21st annual international ACM SIGIR conference on Research and development in information retrieval},
isbn = {1581130155},
keywords = {approximate,bibliografia\_anotada,compressed text,huffman code,lista\_filtrada,searching},
mendeley-tags = {approximate,bibliografia\_anotada,compressed text,huffman code,lista\_filtrada,searching},
pages = {298--306},
publisher = {ACM},
title = {{Fast searching on compressed text allowing errors}},
url = {http://portal.acm.org/citation.cfm?id=290941.291013\&type=series},
year = {1998}
}
@article{farach1998string,
annote = {Presenta un algoritmo no-trivial para el problema de Compressed Matching para la compresi\'{o}n LZ77, que es conocido por alcanzas mejores \'{\i}ndices de compresi\'{o}n.},
author = {Farach, M. and Thorup, M.},
issn = {0178-4617},
journal = {Algorithmica},
keywords = {bibliografia\_anotada,lista\_filtrada,lz77},
mendeley-tags = {bibliografia\_anotada,lista\_filtrada,lz77},
number = {4},
pages = {388--404},
publisher = {Springer},
title = {{String Matching in Lempel-Ziv Compressed Strings}},
url = {http://www.springerlink.com/index/V30UKNE24KQKRR82.pdf},
volume = {20},
year = {1998}
}
@article{Huffman1952,
annote = {M\'{e}todo de Huffman para generaci\'{o}n de c\'{o}digos prefijos libres. Extremadamente \'{u}til.},
author = {Huffman, DA},
journal = {Proceedings of the IRE},
keywords = {bibliografia\_anotada,data compression,huffman code,lista\_filtrada},
mendeley-tags = {bibliografia\_anotada,data compression,huffman code,lista\_filtrada},
title = {{A method for the construction of minimum-redundancy codes}},
url = {http://ieeexplore.ieee.org/xpls/abs\_all.jsp?\&arnumber=4051119},
year = {1952}
}
@inproceedings{kida2002unifying,
annote = {Framework para el problema de Compressed Pattern Matching. Comprende m\'{e}todos como LZ, BPE, basados en dictionarios y Collage. Presenta un algoritmos basado en LZW.},
author = {Kida, T. and Shibata, Y. and Takeda, M. and Shinohara, A. and Arikawa, S.},
booktitle = {String Processing and Information Retrieval Symposium, 1999 and International Workshop on Groupware},
isbn = {0769502687},
keywords = {bibliografia\_anotada,bpe,dictionaries,lista\_filtrada,lz77,lz78,lzss,lzw},
mendeley-tags = {bibliografia\_anotada,bpe,dictionaries,lista\_filtrada,lz77,lz78,lzss,lzw},
pages = {89--96},
publisher = {IEEE},
title = {{A unifying framework for compressed pattern matching}},
url = {http://ieeexplore.ieee.org/xpls/abs\_all.jsp?arnumber=796582},
year = {2002}
}
@inproceedings{kida1999shift,
annote = {Presenta un algoritmo basado en Shift-And para el problema de Compressed Pattern Matching en LZW.},
author = {Kida, T. and Takeda, M. and Shinohara, A. and Arikawa, S.},
booktitle = {Combinatorial Pattern Matching},
keywords = {bibliografia\_anotada,lista\_filtrada,lzw,shift-and},
mendeley-tags = {bibliografia\_anotada,lista\_filtrada,lzw,shift-and},
pages = {1--13},
publisher = {Springer},
title = {{Shift-And approach to pattern matching in LZW compressed text}},
url = {http://www.springerlink.com/index/U039G7XTT8W2GBQ6.pdf},
year = {1999}
}
@inproceedings{kida2002multiple,
annote = {Presenta un algoritmo para busquedas de multiples patrones en texto compresos con LZW.},
author = {Kida, T. and Takeda, M. and Shinohara, A. and Miyazaki, M. and Arikawa, S.},
booktitle = {Data Compression Conference, 1998. DCC'98. Proceedings},
isbn = {0818684062},
issn = {1068-0314},
keywords = {bibliografia\_anotada,compressed text,lista\_filtrada,lzw,pattern matching},
mendeley-tags = {bibliografia\_anotada,compressed text,lista\_filtrada,lzw,pattern matching},
pages = {103--112},
publisher = {IEEE},
title = {{Multiple pattern matching in LZW compressed text}},
url = {http://ieeexplore.ieee.org/xpls/abs\_all.jsp?arnumber=672136},
year = {2002}
}
@inproceedings{klein2002new,
annote = {Variaci\'{o}n del algoritmo LZSS para hacerlo ameno a b\'{u}squedas en texto comprimido. No tiene muy buen \'{\i}ndice de compresi\'{o}n. \'{U}til, realiza una \'{u}nica compresi\'{o}n.},
author = {Klein, S.T. and Shapira, D.},
booktitle = {Data Compression Conference, 2000. Proceedings. DCC 2000},
isbn = {0769505929},
keywords = {bibliografia\_anotada,lista\_filtrada},
mendeley-tags = {bibliografia\_anotada,lista\_filtrada},
pages = {400--409},
publisher = {IEEE},
title = {{A new compression method for compressed matching}},
url = {http://ieeexplore.ieee.org/xpls/abs\_all.jsp?arnumber=838180},
year = {2002}
}
@article{KNUjda02,
annote = {Presenta algoritmo para el problema de Approximate Compressed Pattern Matching aplicable para la familia de algoritmos LZ: LZ78/LZW. \'{U}til, de las primeras aproximaciones al problema de b\'{u}squedas con error. LZW Compressed Pattern Matching Algorithm.},
author = {K\"{a}rkk\"{a}inen, J and Navarro, G and Ukkonen, E},
journal = {Journal of Discrete Algorithms (JDA)},
keywords = {bibliografia\_anotada,lista\_filtrada,lz78,lzw},
mendeley-tags = {bibliografia\_anotada,lista\_filtrada,lz78,lzw},
number = {3/4},
title = {{Approximate String Matching on Ziv-Lempel Compressed Text}},
volume = {1},
year = {2003}
}
@article{lempel2002complexity,
annote = {\'{U}til.},
author = {Lempel, A. and Ziv, J.},
issn = {0018-9448},
journal = {Information Theory, IEEE Transactions on},
keywords = {bibliografia\_anotada,lista\_filtrada},
mendeley-tags = {bibliografia\_anotada,lista\_filtrada},
number = {1},
pages = {75--81},
publisher = {IEEE},
title = {{On the complexity of finite sequences}},
url = {http://ieeexplore.ieee.org/xpls/abs\_all.jsp?arnumber=1055501},
volume = {22},
year = {2002}
}
@article{Manber1997,
annote = {Primer art\'{\i}culo publicado que plantea e intenta solucionar el problema de b\'{u}squedas en texto comprimido.},
author = {Manber, U},
journal = {ACM Transactions on Information Systems (TOIS)},
keywords = {algorithm,bibliografia\_anotada,compressed file,lista\_filtrada,searching},
mendeley-tags = {algorithm,bibliografia\_anotada,compressed file,lista\_filtrada,searching},
title = {{A text compression scheme that allows fast searching directly in the compressed file}},
url = {http://portal.acm.org/citation.cfm?id=248639\&dl=GUIDE,},
year = {1997}
}
@inproceedings{matsumoto2002bit,
annote = {Art\'{\i}culo que muesta una aproximaci\'{o}n usando bit-parallel para resolver el problema de Collage Compressed Approximate Pattern Matching Algorithm.},
author = {Matsumoto, T. and Kida, T. and Takeda, M. and Shinohara, A. and Arikawa, S.},
booktitle = {String Processing and Information Retrieval, 2000. SPIRE 2000. Proceedings. Seventh International Symposium on},
isbn = {0769507468},
keywords = {bibliografia\_anotada,compressed text,lista\_filtrada,parallel,string matching},
mendeley-tags = {bibliografia\_anotada,compressed text,lista\_filtrada,parallel,string matching},
pages = {221--228},
publisher = {IEEE},
title = {{Bit-parallel approach to approximate string matching in compressed texts}},
url = {http://ieeexplore.ieee.org/iel5/7055/19010/00878198.pdf?arnumber=878198},
year = {2002}
}
@article{Moffat1998,
abstract = {We consider the problem of calculating minimum-redundancy codes for alphabets in which there is significant repetition of symbol weights. On a sorted-by-weight alphabet of, n symbols and r distinct symbol weights we show that a minimum-redundancy prefix code can be constructed in O(r+r log(n/r)) time, and that a minimum redundancy L-bit length-limited prefix code can be constructed in O(Lr+Lrlog(n/r)) time. When r is small relative to n-which is necessarily the case for most practical coding problems on large alphabets-these bounds represent a substantial improvement upon the best previous algorithms for these two problems, which consumed O(n) time and O(nL) time, respectively. The improved algorithms are also space-efficient},
annote = {Propone un algoritmo que mejora la generaci\'{o}n de Prefix-Free Codes de Huffman. Extremadamente \'{u}til.},
author = {Moffat, A. and Turpin, A.},
doi = {10.1109/18.681345},
issn = {00189448},
journal = {IEEE Transactions on Information Theory},
keywords = {bibliografia\_anotada,data compression,huffman code,lista\_filtrada},
mendeley-tags = {bibliografia\_anotada,data compression,huffman code,lista\_filtrada},
month = jul,
number = {4},
pages = {1650--1657},
title = {{Efficient construction of minimum-redundancy codes for large alphabets}},
url = {http://ieeexplore.ieee.org/xpl/freeabs\_all.jsp?arnumber=681345},
volume = {44},
year = {1998}
}
@article{Moura2000,
annote = {The compressed matching problem was first defined in the work of Amir and Benson [Amir and Benson 1992]
Roadmap:
- Farach and Thorup, 1995.
- Ziv and Lempel, 1976.
- Amir, 1996.
- Kida, 1998.
- Navarro, 1999.
- Kida, 1999.
Direct searching on compressed text:
Word-based seaching:
- Manber, 1997.
- Turpin and Moffat, 1997.
Semi-static model: a first pass to obtain the frequency and a second pass to perform the actual compression.},
author = {de Moura, E Silva and Navarro, G},
journal = {ACM Transactions on Information Systems (TOIS)},
keywords = {algorithm,bibliografia\_anotada,compressed text,lista\_filtrada,roadmap,searching},
mendeley-tags = {algorithm,bibliografia\_anotada,compressed text,lista\_filtrada,roadmap,searching},
title = {{Fast and flexible word searching on compressed text}},
url = {http://portal.acm.org/citation.cfm?id=348754},
year = {2000}
}
@article{Navjda03,
annote = {Presenta una soluci\'{o}in no-trivial para el problema de Compressed Pattern Matching en LZ usando expresiones regulares. Presenta resultados experimentales.},
author = {Navarro, G},
journal = {Journal of Discrete Algorithms (JDA)},
keywords = {bibliografia\_anotada,compressed text,lista\_filtrada,lz78,lzw,regex},
mendeley-tags = {bibliografia\_anotada,compressed text,lista\_filtrada,lz78,lzw,regex},
number = {5/6},
pages = {423--443},
publisher = {Elsevier Science},
title = {{Regular Expression Searching on Compressed Text}},
volume = {1},
year = {2003}
}
@inproceedings{navarro2000boyer,
annote = {Presenta un algoritmo basado en Boyer-Moore para el problema de Compressed Pattern Matching. \'{U}til, mejora aproximada de un 30\% sobre el problema. LZW Compressed Pattern Matching Algorithm.},
author = {Navarro, G. and Tarhio, J.},
booktitle = {Combinatorial Pattern Matching},
keywords = {bibliografia\_anotada,lista\_filtrada,lz78,lzw,string matching},
mendeley-tags = {bibliografia\_anotada,lista\_filtrada,lz78,lzw,string matching},
pages = {166--180},
publisher = {Springer},
title = {{Boyer-Moore String Matching over Ziv-Lempel Compressed Text}},
url = {http://www.springerlink.com/index/51FG34TDUBANDPQL.pdf},
year = {2000}
}
@article{navarro2005lzgrep,
annote = {Presenta una herramienta de String Matching basado en Boyer-Moore que mejora hasta en un 50\% las b\'{u}squedas en texto comprimido con LZ78 y LZW. \'{U}til, LZgrep est\'{a} disponible, hay resultados experimentales.},
author = {Navarro, G. and Tarhio, J.},
issn = {1097-024X},
journal = {Software: Practice and Experience},
keywords = {bibliografia\_anotada,boyer-moore,lista\_filtrada,lz78,lzw},
mendeley-tags = {bibliografia\_anotada,boyer-moore,lista\_filtrada,lz78,lzw},
number = {12},
pages = {1107--1130},
publisher = {John Wiley \& Sons},
title = {{LZgrep: A Boyer-Moore string matching tool for Ziv-Lempel compressed text}},
url = {http://www3.interscience.wiley.com/journal/110485315/abstract},
volume = {35},
year = {2005}
}
@article{Navarro2001,
annote = {Uso de un algoritmo con descompresi\'{o}n local reduciendo el problema a Multipattern Searching en varias piezas de patrones con verificaci\'{o}n. \'{U}til, uno de los primeras aplicaciones directas sobre Lempel Ziv de Compressed Pattern Matching, casi tres veces m\'{a}s r\'{a}pido que la soluci\'{o}n trivial.},
author = {Navarro, G and Kida, T and Takeda, M},
journal = {Data Compression Conference},
keywords = {algorithm,bibliografia\_anotada,compressed text,lista\_filtrada,string matching},
mendeley-tags = {algorithm,bibliografia\_anotada,compressed text,lista\_filtrada,string matching},
title = {{Faster approximate string matching over compressed text}},
url = {http://www.computer.org/portal/web/csdl/doi/10.1109/DCC.2001.917177},
year = {2001}
}
@incollection{navarro1999general,
abstract = {We address the problem of string matching on Ziv-Lempel compressed text. The goal is to search a pattern in a text without uncompressing it. This is a highly relevant issue to keep compressed text databases where efficient searching is still possible. We develop a general technique for string matching when the text comes as a sequence of blocks. This abstracts the essential features of Ziv-Lempel compression. We then apply the scheme to each particular type of compression. We present the first algorithm to find all the matches of a pattern in a text compressed using LZ77. When we apply our scheme to LZ78, we obtain a much more efficient search algorithm, which is faster than uncompressing the text and then searching on it. Finally, we propose a new hybrid compression scheme which is between LZ77 and LZ78, being in practice as good to compress as LZ77 and as fast to search in as LZ78.},
annote = {Presenta el primer algoritmo para encontrar todas las ocurrencias de un patr\'{o}n en un texto comprimido con LZ77. Tambi\'{e}n presenta un algoritmo h\'{\i}brido aplicable para LZ77 y LZ78. \'{U}til, aplicable para LZ77.},
author = {Navarro, Gonzalo and Raffinot, Mathieu},
booktitle = {Combinatorial Pattern Matching},
editor = {Crochemore, Maxime and Paterson, Mike},
keywords = {bibliografia\_anotada,lista\_filtrada,lz77,lz78,lzw},
mendeley-tags = {bibliografia\_anotada,lista\_filtrada,lz77,lz78,lzw},
pages = {14--36},
publisher = {Springer Berlin / Heidelberg},
series = {Lecture Notes in Computer Science},
title = {{A General Practical Approach to Pattern Matching over Ziv-Lempel Compressed Text}},
url = {http://dx.doi.org/10.1007/3-540-48452-3\_2},
volume = {1645},
year = {1999}
}
@article{shibata2000speeding,
annote = {Propuesta de un algoritmo usando el m\'{e}todo de compresi\'{o}n BPE (Byte-Pair Encoding) para soluci\'{o}n al problema de Compressed Pattern Matching.},
author = {Shibata, Y. and Kida, T. and Fukamachi, S. and Takeda, M. and Shinohara, A. and Shinohara, T. and Arikawa, S.},
journal = {Algorithms and Complexity},
keywords = {bibliografia\_anotada,compressed text,lista\_filtrada,pattern matching},
mendeley-tags = {bibliografia\_anotada,compressed text,lista\_filtrada,pattern matching},
pages = {306--315},
publisher = {Springer},
title = {{Speeding up pattern matching by text compression}},
url = {http://www.springerlink.com/index/FA7C7HEQNL6QWB4Q.pdf},
year = {2000}
}
@misc{shibata1999byte,
annote = {Estudio de Byte-Pair Encoding como t\'{e}cnica de compresi\'{o}n de informaci\'{o}n. Presenta resultados para el problema de Compressed Pattern Matching usando BPE.},
author = {Shibata, Y. and Kida, T. and Fukamachi, S. and Takeda, M. and Shinohara, A. and Shinohara, T. and Arikawa, S.},
institution = {Kyushu University},
keywords = {bibliografia\_anotada,bpe,compressed text,lista\_filtrada,pattern matching,searching},
mendeley-tags = {bibliografia\_anotada,bpe,compressed text,lista\_filtrada,pattern matching,searching},
publisher = {Citeseer},
title = {{Byte Pair encoding: A text compression scheme that accelerates pattern matching}},
url = {http://citeseerx.ist.psu.edu/viewdoc/summary?doi=10.1.1.46.4046},
year = {1999}
}
@inproceedings{shibata2000boyer,
annote = {Algoritmo basado en Boyer-Moore para el problema de Compressed Pattern Matching. \'{U}til, uso de BM. Collage Compressed Pattern Matching Algorithm.},
author = {Shibata, Y. and Matsumoto, T. and Takeda, M. and Shinohara, A. and Arikawa, S.},
booktitle = {Combinatorial Pattern Matching},
keywords = {bibliografia\_anotada,boyer-moore,bpe,lista\_filtrada,pattern matching},
mendeley-tags = {bibliografia\_anotada,boyer-moore,bpe,lista\_filtrada,pattern matching},
pages = {181--194},
publisher = {Springer},
title = {{A Boyer-Moore Type Algorithm for Compressed Pattern Matching}},
url = {http://www.springerlink.com/index/A57TLTK48VE9NKTV.pdf},
year = {2000}
}
@inproceedings{shibata1999pattern,
annote = {Presenta un algoritmo lineal basado en antidiccionarios. Posiblemente el Shift-And pueda ser un reemplazo para el KMP.},
author = {Shibata, Y. and Takeda, M. and Shinohara, A. and Arikawa, S.},
booktitle = {Combinatorial Pattern Matching},
keywords = {antidictionary,bibliografia\_anotada,compressed text,lista\_filtrada,pattern matching},
mendeley-tags = {antidictionary,bibliografia\_anotada,compressed text,lista\_filtrada,pattern matching},
pages = {37--49},
publisher = {Springer},
title = {{Pattern matching in text compressed by using antidictionaries}},
url = {http://www.springerlink.com/index/YTM6TD9EW6RCDBCL.pdf},
year = {1999}
}
@inproceedings{takeda2002processing,
annote = {Presentan un algoritmo para realizar b\'{u}squedas en texto comprimido que usan un \'{u}nico byte y m\'{u}ltiples bytes para codificaci\'{o}n basado en Aho-Corasick.},
author = {Takeda, M. and Miyamoto, S. and Kida, T. and Shinohara, A. and Fukamachi, S. and Shinohara, T. and Arikawa, S.},
booktitle = {String Processing and Information Retrieval},
keywords = {bibliografia\_anotada,lista\_filtrada},
mendeley-tags = {bibliografia\_anotada,lista\_filtrada},
pages = {215--220},
publisher = {Springer},
title = {{Processing text files as is: Pattern matching over compressed texts, multi-byte character texts, and semi-structured texts}},
url = {http://www.springerlink.com/index/HWETDQ7X25YBE3Q5.pdf},
year = {2002}
}
@article{takeda2001speeding,
annote = {Presenta algoritmos para el problema de Compressed Pattern Matching. Enfocados en la compresi\'{o}n de cualquier tipo de texto, incluso texto en alfabeto Unicode como el japon\'{e}s. Presenta un roadmap de algunos algoritmos de la literatura para diversos tipos de compresi\'{o}n.},
author = {Takeda, M. and Shibata, Y. and Matsumoto, T. and Kida, T. and Shinohara, A. and Fukamachi, S. and Shinohara, T. and Arikawa, S.},
journal = {Transactions of Information Processing Society of Japan},
keywords = {bibliografia\_anotada,data compression,lista\_filtrada,string matching},
mendeley-tags = {bibliografia\_anotada,data compression,lista\_filtrada,string matching},
number = {3},
pages = {370--384},
title = {{Speeding up string pattern matching by text compression: The dawn of a new era}},
url = {http://www.shino.ecei.tohoku.ac.jp/\~{}ayumi/papers/IPSJ40.pdf},
volume = {42},
year = {2001}
}
@article{Ziv2002,
annote = {Uno de los algoritmos de compresi\'{o}n m\'{a}s usado y con mejor \'{\i}ndice de compresi\'{o}n. Tambi\'{e}n llamado LZ77. Extremadamente \'{u}til, es objetivo de estudio de muchos art\'{\i}culos.},
author = {Ziv, J. and Lempel, A.},
journal = {Information Theory, IEEE Transactions on},
keywords = {bibliografia\_anotada,data compression,lista\_filtrada},
mendeley-tags = {bibliografia\_anotada,data compression,lista\_filtrada},
number = {3},
pages = {337----343},
title = {{A universal algorithm for sequential data compression}},
url = {http://ieeexplore.ieee.org/xpls/abs\_all.jsp?arnumber=1055714},
volume = {2003},
year = {2002}
}
@article{Ziv2003,
annote = {Algoritmo LZ78, es objetivo de estudio de muchos art\'{\i}culos siendo que tiene el mejor \'{\i}ndice de compresi\'{o}n. Extremadamente \'{u}til.},
author = {Ziv, J. and Lempel, A.},
journal = {Information Theory, IEEE Transactions on},
keywords = {bibliografia\_anotada,data compression,lista\_filtrada},
mendeley-tags = {bibliografia\_anotada,data compression,lista\_filtrada},
number = {5},
pages = {530----536},
title = {{Compression of individual sequences via variable-rate coding}},
url = {http://ieeexplore.ieee.org/xpls/abs\_all.jsp?arnumber=1055934},
volume = {24},
year = {2003}
}
