Automatically generated by Mendeley 0.9.8.2
@article{holub2005fast,
author = {Holub, J. and Durian, B.},
journal = {URL: http://www. cri. haifa. ac. il/events/2005/string/presentations/Holub. pdf},
title = {{Fast variants of bit parallel approach to suffix automata}},
url = {http://www.cri.haifa.ac.il/events/2005/string/presentations/Holub.pdf},
year = {2005}
}
@article{markey2004ptime,
author = {Markey, N. and Schnoebelen, P.},
issn = {0020-0190},
journal = {Information Processing Letters},
number = {1},
pages = {3--6},
publisher = {Elsevier},
title = {{A PTIME-complete matching problem for SLP-compressed words}},
url = {http://linkinghub.elsevier.com/retrieve/pii/S002001900400002X},
volume = {90},
year = {2004}
}
@inproceedings{karhum,
author = {Karhumaki, J. and Plandowski, W. and Rytter, W.},
booktitle = {Combinatorial Pattern Matching},
pages = {186--195},
publisher = {Springer},
title = {{The compression of subsegments of images described by finite automata}},
url = {http://www.springerlink.com/index/8HALAR381RD5TY70.pdf},
year = {1999}
}
@book{hopcroft1979introduction,
author = {Hopcroft, J.E. and Motwani, R. and Ullman, J.D.},
publisher = {Addison-wesley Reading, MA},
title = {{Introduction to automata theory, languages, and computation}},
url = {http://unipa.cblue.org/2008/documents/Grammatiche-Cap5.pdf},
volume = {3},
year = {1979}
}
@article{karp1987efficient,
author = {Karp, R.M. and Rabin, M.O.},
issn = {0018-8646},
journal = {IBM Journal of Research and Development},
number = {2},
pages = {249--260},
publisher = {IBM},
title = {{Efficient randomized pattern-matching algorithms}},
url = {http://ieeexplore.ieee.org/xpls/abs\_all.jsp?arnumber=5390135},
volume = {31},
year = {1987}
}
@article{gage1994new,
author = {Gage, P.},
issn = {0898-9788},
journal = {The C Users Journal},
number = {2},
pages = {23--38},
publisher = {R \& D Publications, Inc.},
title = {{A new algorithm for data compression}},
url = {http://portal.acm.org/citation.cfm?id=177914},
volume = {12},
year = {1994}
}
@article{moffat1995place,
author = {Moffat, A. and Katajainen, J.},
journal = {Algorithms and Data Structures},
pages = {393--402},
publisher = {Springer},
title = {{In-place calculation of minimum-redundancy codes}},
url = {http://www.springerlink.com/index/p388877217614272.pdf},
year = {1995}
}
@inproceedings{wu1992agrep,
author = {Wu, S. and Manber, U.},
booktitle = {Usenix Winter 1992 Technical Conference},
pages = {153--162},
title = {{Agrep - A Fast Approximate Pattern-Matching Tool}},
url = {http://scholar.google.com/scholar?hl=en\&q=agrep\&btnG=Search\&as\_sdt=1,5\&as\_ylo=\&as\_vis=0\#0},
year = {1992}
}
@inproceedings{navarro1998bit,
author = {Navarro, G. and Raffinot, M.},
booktitle = {Combinatorial Pattern Matching},
pages = {14--33},
publisher = {Springer},
title = {{A bit-parallel approach to suffix automata: Fast extended string matching}},
url = {http://www.springerlink.com/index/5238211580894375.pdf},
year = {1998}
}
@article{karpinski1997efficient,
author = {Karpinski, M. and Rytter, W. and Shinohara, A.},
journal = {Nordic Journal of Computing},
number = {2},
pages = {172--186},
title = {{An efficient pattern-matching algorithm for strings with short descriptions}},
url = {http://overclocking.googlecode.com/files/karpinski97efficient.pdf},
volume = {4},
year = {1997}
}
@inproceedings{shibata2000boyer,
annote = {collage compressed pattern matching algorithm},
author = {Shibata, Y. and Matsumoto, T. and Takeda, M. and Shinohara, A. and Arikawa, S.},
booktitle = {Combinatorial Pattern Matching},
keywords = {pattern matching},
mendeley-tags = {pattern matching},
pages = {181--194},
publisher = {Springer},
title = {{A Boyerâ€“Moore Type Algorithm for Compressed Pattern Matching}},
url = {http://www.springerlink.com/index/A57TLTK48VE9NKTV.pdf},
year = {2000}
}
@book{knuth1981art,
author = {Knuth, D.E.},
isbn = {0201038226},
publisher = {Addison-Wesley},
title = {{The art of computer programming: Seminumerical algorithms}},
url = {http://scholar.google.com/scholar?hl=en\&q=seminumerical+algorithms\&btnG=Search\&as\_sdt=1\%2C5\&as\_ylo=\&as\_vis=0\#0},
year = {1981}
}
@article{storer1982data,
author = {Storer, J.A. and Szymanski, T.G.},
issn = {0004-5411},
journal = {Journal of the ACM (JACM)},
number = {4},
pages = {928--951},
publisher = {ACM},
title = {{Data compression via textual substitution}},
url = {http://portal.acm.org/citation.cfm?id=322346},
volume = {29},
year = {1982}
}
@inproceedings{de1997indexing,
author = {{De Moura}, E.S. and Navarro, G. and Ziviani, N.},
booktitle = {Proceedings of the 4th South American Workshop on String Processing},
publisher = {Citeseer},
title = {{Indexing compressed text}},
url = {http://citeseerx.ist.psu.edu/viewdoc/summary?doi=10.1.1.21.472},
year = {1997}
}
@inproceedings{k,
author = {Kulekci, M.O. and Vitter, J.S. and Xu, B.},
booktitle = {Computer and Information Science: Proceedings of the 25th International Symposium on Computer and Information Sciences},
isbn = {9048197937},
pages = {27},
publisher = {Springer},
title = {{Boosting Pattern Matching Performance via k-bit Filtering}},
url = {http://books.google.com/books?hl=en\&lr=\&id=cfp7WA8JVGoC\&oi=fnd\&pg=PA27\&dq=string+matching+compressed\&ots=su2YrQQuCV\&sig=NLa8huYm01uzDpAfhs\_Vf6cWkdA},
year = {2010}
}
@article{makanin1977problem,
author = {Makanin, G.S.},
journal = {Mathematics of the USSR-Sbornik},
pages = {129},
publisher = {IOP Publishing},
title = {{The problem of solvability of equations in a free semigroup}},
url = {http://iopscience.iop.org/0025-5734/32/2/A01/pdf/MSB\_32\_2\_A01.pdf},
volume = {32},
year = {1977}
}
@inproceedings{gasieniec1999efficiency,
author = {Gasieniec, L. and Gibbons, A. and Rytter, W.},
booktitle = {Proceedings of the 24th International Symposium on Mathematical Foundations of Computer Science},
isbn = {3540664084},
pages = {48--58},
publisher = {Springer-Verlag},
title = {{Efficiency of fast parallel pattern searching in highly compressed texts}},
url = {http://portal.acm.org/citation.cfm?id=667693},
year = {1999}
}
@article{de2001parallelism,
author = {{De Agostino}, S.},
issn = {0020-0255},
journal = {Information Sciences},
number = {1-2},
pages = {43--56},
publisher = {Elsevier},
title = {{Parallelism and dictionary based data compression}},
url = {http://linkinghub.elsevier.com/retrieve/pii/S0020025501001001},
volume = {135},
year = {2001}
}
@inproceedings{gasieniec2002almost,
author = {Gasieniec, L. and Rytter, W.},
booktitle = {Data Compression Conference, 1999. Proceedings. DCC'99},
pages = {316--325},
publisher = {IEEE},
title = {{Almost-optimal fully LZW-compressed pattern matching}},
url = {http://ieeexplore.ieee.org/xpls/abs\_all.jsp?arnumber=755681},
year = {2002}
}
@article{KNUjda02,
annote = {LZW compressed pattern matching algorithm},
author = {K\"{a}rkk\"{a}inen, J and Navarro, G and Ukkonen, E},
journal = {Journal of Discrete Algorithms (JDA)},
number = {3/4},
title = {{Approximate String Matching on Ziv-Lempel Compressed Text}},
volume = {1},
year = {2003}
}
@article{baezatext,
author = {Baeza-aates, R.},
journal = {alta.asn.au},
title = {{Text retrieval: Theory and practice}},
url = {http://www.alta.asn.au/events/altss\_w2003\_proc/public\_lectures/baeza-yates/baeza-yates\_tutorial.pdf}
}
@article{barnsley43fractal,
author = {Barnsley, M.F.},
journal = {Notices of the AMS},
number = {6},
title = {{Fractal image compression}},
url = {http://www1.ams.org/notices/199606/barnsley.pdf},
volume = {43}
}
@article{culik1993image,
author = {Culik, II and Others},
issn = {0097-8493},
journal = {Computers \& Graphics},
number = {3},
pages = {305--313},
publisher = {Elsevier},
title = {{Image compression using weighted finite automata}},
url = {http://linkinghub.elsevier.com/retrieve/pii/009784939390079O},
volume = {17},
year = {1993}
}
@article{schwartz1980fast,
author = {Schwartz, J.T.},
issn = {0004-5411},
journal = {Journal of the ACM (JACM)},
number = {4},
pages = {701--717},
publisher = {ACM},
title = {{Fast probabilistic algorithms for verification of polynomial identities}},
url = {http://portal.acm.org/citation.cfm?id=322225},
volume = {27},
year = {1980}
}
@article{navarro2000adding,
author = {Navarro, G. and {De Moura}, E.S. and Neubert, M. and Ziviani, N. and Baeza-Yates, R.},
issn = {1386-4564},
journal = {Information Retrieval},
number = {1},
pages = {49--77},
publisher = {Springer},
title = {{Adding compression to block addressing inverted indexes}},
url = {http://www.springerlink.com/index/LQ125288048666G3.pdf},
volume = {3},
year = {2000}
}
@article{miller1985variations,
author = {Miller, V.S. and Wegman, M.N.},
journal = {Combinatorial algorithms on words},
pages = {131--140},
title = {{Variations on a theme by Ziv and Lempel}},
url = {http://research.microsoft.com/apps/pubs/default.aspx?id=64962},
volume = {12},
year = {1985}
}
@inproceedings{kosaraju1995pattern,
author = {Kosaraju, S.},
booktitle = {Foundations of Software Technology and Theoretical Computer Science},
pages = {349--362},
publisher = {Springer},
title = {{Pattern matching in compressed texts}},
url = {http://www.springerlink.com/index/y171185333322362.pdf},
year = {1995}
}
@article{Amir1996299,
abstract = {The current explosion of stored information necessitates a new model of pattern matching, that ofcompressed matching. In this model one tries to find all occurrences of a pattern in a compressed text in time proportional to the compressed text size,i.e., without decompressing the text. The most effective general purpose compression algorithms areadaptive, in that the text represented by each compression symbol is determined dynamically by the data. As a result, the encoding of a substring depends on its location. Thus the same substring may},
annote = {LZ78/LZW compressed pattern matcing algorithm},
author = {Amir, Amihood and Benson, Gary and Farach, Martin},
doi = {DOI: 10.1006/jcss.1996.0023},
issn = {0022-0000},
journal = {Journal of Computer and System Sciences},
number = {2},
pages = {299--307},
title = {{Let Sleeping Files Lie: Pattern Matching in Z-Compressed Files}},
url = {http://www.sciencedirect.com/science/article/B6WJ0-45NJMJK-8/2/eabbcfebe41480a09770993d32402a27},
volume = {52},
year = {1996}
}
@inproceedings{takeda2002processing,
author = {Takeda, M. and Miyamoto, S. and Kida, T. and Shinohara, A. and Fukamachi, S. and Shinohara, T. and Arikawa, S.},
booktitle = {String Processing and Information Retrieval},
pages = {215--220},
publisher = {Springer},
title = {{Processing text files as is: Pattern matching over compressed texts, multi-byte character texts, and semi-structured texts}},
url = {http://www.springerlink.com/index/HWETDQ7X25YBE3Q5.pdf},
year = {2002}
}
@article{derencourt1994continuous,
author = {Derencourt, D. and Karhum$\backslash$$\backslash$"aki, J. and Letteux, M. and Terlutte, A.},
journal = {RAIRO Theor. Inform. Appl},
pages = {387--404},
title = {{On continuous functions computed by real functions}},
url = {http://scholar.google.com/scholar?hl=en\&q=\%22on+continuous+functions+computed+by+real+functions\%22\&btnG=Search\&as\_sdt=1\%2C5\&as\_ylo=\&as\_vis=0\#0},
volume = {28},
year = {1994}
}
@article{chen2004compressed,
author = {Chen, L. and Lu, S. and Ram, J.},
publisher = {IEEE Computer Society},
title = {{Compressed pattern matching in DNA sequences}},
url = {http://www.computer.org/portal/web/csdl/doi/10.1109/CSB.2004.1332418},
year = {2004}
}
@book{lothaire1997combinatorics,
author = {Lothaire, M.},
isbn = {0521599245},
publisher = {Cambridge Univ Pr},
title = {{Combinatorics on words}},
url = {http://books.google.com/books?hl=en\&lr=\&id=UV9\_3plEr8wC\&oi=fnd\&pg=PR11\&dq=combinatorics+on+words\&ots=GuDjeFSZ8v\&sig=jS6CA9aikJ42f1KhyRWnfZe03\_Q},
year = {1997}
}
@article{amir1997optimal,
author = {Amir, A. and Benson, G. and Farach, M.},
issn = {0196-6774},
journal = {Journal of Algorithms},
number = {2},
pages = {354--379},
publisher = {Elsevier},
title = {{Optimal two-dimensional compressed matching}},
url = {http://linkinghub.elsevier.com/retrieve/pii/S0196677497908609},
volume = {24},
year = {1997}
}
@article{Navarro2001,
author = {Navarro, G and Kida, T and Takeda, M},
journal = {dcc},
keywords = {algorithm,compressed text,string matching},
mendeley-tags = {algorithm,compressed text,string matching},
title = {{Faster approximate string matching over compressed text}},
url = {http://www.computer.org/portal/web/csdl/doi/10.1109/DCC.2001.917177},
year = {2001}
}
@article{Mukherjee2005,
abstract = {In recent times, we have witnessed an unprecedented growth of textual information via the Internet, digital libraries and archival text in many applications. To be able to store, manage, organize and transport the data efficiently, text compression is necessary. We also need efficient search engines to speedily find the information from this huge mass of data, especially when it is compressed. In this chapter, we present a review of text compression algorithms, with particular emphasis on the LZ family algorithms, and present our current research on the family of Star compression algorithms. We discuss ways to search the information from its compressed format and introduce some recent work on compressed domain pattern matching, with a focus on a new two-pass compression algorithm based on LZW algorithm. We present the architecture of a compressed domain search and retrieval system for archival information and indicate its suitability for implementation in a parallel and distributed environment using random access property of the two-pass LZW algorithm. Â© 2005 Elsevier Inc. All rights reserved.},
author = {Mukherjee, A. and Zhang, N. and Tao, T. and Satya, R.V. and Sun, W.},
institution = {School of Computer Science University of Central Florida, Orlando, FL 32816, United States},
journal = {Advances in Computers},
pages = {207--262},
title = {{Search and Retrieval of Compressed Text}},
url = {http://www.scopus.com/inward/record.url?eid=2-s2.0-33645841075\&partnerID=40\&md5=1b031ec110479a5b7a279a7f64ede81b},
volume = {63},
year = {2005}
}
@article{ibarra1983probabilistic,
author = {Ibarra, O.H. and Moran, S.},
journal = {J. Assoc. Comput. Mach},
number = {1},
pages = {217--228},
publisher = {Citeseer},
title = {{Probabilistic algorithms for deciding equivalence of straight-line programs}},
url = {http://citeseerx.ist.psu.edu/viewdoc/download?doi=10.1.1.129.5387\&rep=rep1\&type=pdf},
volume = {30},
year = {1983}
}
@article{knuth1977fast,
author = {Knuth, D.E. and {Morris Jr}, J.H. and Pratt, V.R.},
journal = {SIAM Journal on Computing},
pages = {323},
title = {{Fast pattern matching in strings}},
url = {http://link.aip.org/link/?SMJCAT/6/323/1},
volume = {6},
year = {1977}
}
@inproceedings{rytter2010algorithms,
author = {Rytter, W.},
booktitle = {SOFSEM},
pages = {757--757},
publisher = {Springer},
title = {{Algorithms on compressed strings and arrays}},
url = {http://www.springerlink.com/index/66MYGJW9UHQY4TMF.pdf},
year = {2010}
}
@article{Angluin1980a,
abstract = {Assume a finite alphabet of constant symbols and a disjoint infinite alphabet of variable symbols. A pattern is a non-null finite string of constant and variable symbols. The language of a pattern is all strings obtainable by substituting non-null strings of constant symbols for the variables of the pattern. A sample is a finite nonempty set of non-null strings of constant symbols. Given a sample S, a pattern p is descriptive of S provided the language of p contains S and does not properly contain the language of any other pattern that contains S. The computational problem of finding a pattern descriptive of a given sample is studied. The main result is a polynomial-time algorithm for the special case of patterns containing only one variable symbol (possibly occurring several times in the pattern). Several other results are proved concerning the class of languages generated by patterns and the problem of finding a descriptive pattern.},
author = {Angluin, D},
doi = {10.1016/0022-0000(80)90041-0},
issn = {00220000},
journal = {Journal of Computer and System Sciences},
month = aug,
number = {1},
pages = {46--62},
title = {{Finding patterns common to a set of strings}},
url = {http://dx.doi.org/10.1016/0022-0000(80)90041-0},
volume = {21},
year = {1980}
}
@article{kari1994arithmetic,
author = {Kari, J. and Franti, P.},
issn = {0988-3754},
journal = {Informatique th\'{e}orique et applications},
number = {3-4},
pages = {343--360},
publisher = {EDP Sciences},
title = {{Arithmetic coding of weighted finite automata}},
url = {http://cat.inist.fr/?aModele=afficheN\&cpsidt=4174206},
volume = {28},
year = {1994}
}
@inproceedings{DeMoura1998,
author = {{De Moura}, E. S. and Navarro, G and Ziviani, N and Baeza-Yates, R},
booktitle = {String Processing and Information Retrieval: A South American Symposium, 1998. Proceedings},
isbn = {VO -},
keywords = {English texts,Huffman codes,Huffman coding,agrep,approximate search,coding alphabet,compressed pattern,compressed text,compression ratio,compression scheme,data compression,decompression technique,direct pattern matching,exact search,fast compression,natural language texts,natural languages,pattern matching,search problems,semi static word based modeling,sequential pattern matching algorithm,string matching,uncompressed version,word processing},
pages = {90--95},
title = {{Direct pattern matching on compressed text}},
year = {1998}
}
@article{sunday1990very,
author = {Sunday, D.M.},
issn = {0001-0782},
journal = {Communications of the ACM},
number = {8},
pages = {132--142},
publisher = {ACM},
title = {{A very fast substring search algorithm}},
url = {http://portal.acm.org/citation.cfm?id=79184},
volume = {33},
year = {1990}
}
@article{brisaboa2011compressed,
author = {Brisaboa, N.R. and C\'{a}novas, R. and Mart$\backslash$'$\backslash$inez-Prieto, M.A. and Navarro, G.},
journal = {Arxiv preprint arXiv:1101.5506},
title = {{Compressed String Dictionaries}},
url = {http://arxiv.org/abs/1101.5506},
year = {2011}
}
@article{Manber1997,
annote = {pattern substitution compressed pattern matching algorithm},
author = {Manber, U},
journal = {ACM Transactions on Information Systems (TOIS)},
keywords = {algorithm,compressed file,searching},
mendeley-tags = {algorithm,compressed file,searching},
title = {{A text compression scheme that allows fast searching directly in the compressed file}},
url = {http://portal.acm.org/citation.cfm?id=248639\&dl=GUIDE,},
year = {1997}
}
@book{gibbons1989efficient,
author = {Gibbons, A. and Rytter, W.},
isbn = {0521388414},
publisher = {Cambridge Univ Pr},
title = {{Efficient parallel algorithms}},
url = {http://books.google.com/books?hl=en\&lr=\&id=MNHIigv2x4sC\&oi=fnd\&pg=PR7\&dq=efficient+parallel+algorithms\&ots=lI71KASm0l\&sig=HuE2fXXgXbYWfIGtmGjaHG\_ckKI},
year = {1989}
}
@article{karp2010reducibility,
author = {Karp, R.M.},
journal = {50 Years of Integer Programming 1958-2008},
pages = {219--241},
publisher = {Springer},
title = {{Reducibility among combinatorial problems}},
url = {http://www.springerlink.com/index/L45H7011865P0257.pdf},
year = {2010}
}
@inproceedings{amir1992two,
annote = {run-length 2d compressed pattern matching},
author = {Amir, A. and Benson, G.},
booktitle = {Proceedings of the third annual ACM-SIAM symposium on Discrete algorithms},
pages = {440--452},
publisher = {Society for Industrial and Applied Mathematics},
title = {{Two-dimensional periodicity and its applications}},
url = {http://portal.acm.org/citation.cfm?id=139489\&dl=GUIDE,},
year = {1992}
}
@inproceedings{shibata1999pattern,
author = {Shibata, Y. and Takeda, M. and Shinohara, A. and Arikawa, S.},
booktitle = {Combinatorial Pattern Matching},
pages = {37--49},
publisher = {Springer},
title = {{Pattern matching in text compressed by using antidictionaries}},
url = {http://www.springerlink.com/index/YTM6TD9EW6RCDBCL.pdf},
year = {1999}
}
@article{larsson2002off,
author = {Larsson, N.J. and Moffat, A.},
issn = {0018-9219},
journal = {Proceedings of the IEEE},
number = {11},
pages = {1722--1732},
publisher = {IEEE},
title = {{Off-line dictionary-based compression}},
url = {http://ieeexplore.ieee.org/xpls/abs\_all.jsp?arnumber=892708},
volume = {88},
year = {2002}
}
@inproceedings{karpinski1995pattern,
author = {Karpinski, M. and Rytter, W. and Shinohara, A.},
booktitle = {Combinatorial Pattern Matching},
pages = {205--214},
publisher = {Springer},
title = {{Pattern-matching for strings with short descriptions}},
url = {http://www.springerlink.com/index/7w22267820021375.pdf},
year = {1995}
}
@inproceedings{barcaccia1998pattern,
author = {Barcaccia, P. and Cresti, A. and {De Agostino}, S.},
booktitle = {Data Compression Conference, 1998. DCC'98. Proceedings},
isbn = {0818684062},
issn = {1068-0314},
pages = {113--118},
publisher = {IEEE},
title = {{Pattern matching in text compressed with the ID heuristic}},
url = {http://ieeexplore.ieee.org/xpls/abs\_all.jsp?arnumber=672137},
year = {1998}
}
@book{garey1979computers,
author = {Garey, M.R. and Johnson, D.S.},
isbn = {0716710447},
publisher = {WH Freeman \& Co. New York, NY, USA},
title = {{Computers and Intractability: A Guide to the Theory of NP-completeness}},
url = {http://portal.acm.org/citation.cfm?id=578533},
year = {1979}
}
@inproceedings{karhum,
author = {Karhum$\backslash$$\backslash$"aki, J. and Plandowski, W. and Rytter, W.},
booktitle = {Fundamentals of computation theory},
pages = {245--256},
publisher = {Springer},
title = {{Pattern-matching problems for 2-dimensional images described by finite automata}},
url = {http://www.springerlink.com/index/568R71X62228P146.pdf},
year = {1997}
}
@article{aho1975efficient,
author = {Aho, A.V. and Corasick, M.J.},
issn = {0001-0782},
journal = {Communications of the ACM},
keywords = {string matching},
mendeley-tags = {string matching},
number = {6},
pages = {333--340},
publisher = {ACM},
title = {{Efficient string matching: an aid to bibliographic search}},
url = {http://portal.acm.org/citation.cfm?id=360855\&amp;dl=ACM\&amp;coll=GUIDE},
volume = {18},
year = {1975}
}
@article{Baeza-Yates1992,
author = {Baeza-Yates, R. and Gonnet, G.H.},
journal = {Communications of the ACM},
keywords = {data compression},
mendeley-tags = {data compression},
number = {10},
pages = {74----82},
title = {{A new approach to text searching}},
url = {http://portal.acm.org/citation.cfm?id=135243\&dl=},
volume = {35},
year = {1992}
}
@article{navarro2005lzgrep,
author = {Navarro, G. and Tarhio, J.},
issn = {1097-024X},
journal = {Software: Practice and Experience},
number = {12},
pages = {1107--1130},
publisher = {John Wiley \& Sons},
title = {{LZgrep: A Boyer-Moore string matching tool for Ziv-Lempel compressed text}},
url = {http://www3.interscience.wiley.com/journal/110485315/abstract},
volume = {35},
year = {2005}
}
@article{Huffman1952,
author = {Huffman, DA},
journal = {Proceedings of the IRE},
keywords = {data compression},
mendeley-tags = {data compression},
title = {{A method for the construction of minimum-redundancy codes}},
url = {http://ieeexplore.ieee.org/xpls/abs\_all.jsp?\&arnumber=4051119},
year = {1952}
}
@inproceedings{amir2000inplace,
author = {Amir, A. and Landau, G.M. and Sokol, D.},
booktitle = {Proceedings of the eleventh annual ACM-SIAM symposium on Discrete algorithms},
isbn = {0898714532},
pages = {817--818},
publisher = {Society for Industrial and Applied Mathematics},
title = {{Inplace run-length 2d compressed search}},
url = {http://portal.acm.org/citation.cfm?id=338644},
year = {2000}
}
@article{crochemore1999text,
author = {Crochemore, M. and Mignosi, F. and Restivo, A. and Salemi, S.},
journal = {Automata, Languages and Programming},
pages = {702--702},
publisher = {Springer},
title = {{Text compression using antidictionaries}},
url = {http://www.springerlink.com/index/74QA16QU6T0KD9TN.pdf},
year = {1999}
}
@inproceedings{plandowski1999solvability,
author = {Plandowski, W.},
booktitle = {Proceedings of FOCS},
title = {{Solvability of word equations with constants is in P-SPACE}},
url = {http://scholar.google.com/scholar?hl=en\&q=solvability+of+word+equations+plandowski\&btnG=Search\&as\_sdt=1\%2C5\&as\_ylo=\&as\_vis=0\#4},
year = {1999}
}
@inproceedings{miyazaki1997improved,
annote = {straight-lines compressed pattern matching algorithm},
author = {Miyazaki, M. and Shinohara, A. and Takeda, M.},
booktitle = {Combinatorial Pattern Matching},
pages = {1--11},
publisher = {Springer},
title = {{An improved pattern matching algorithm for strings in terms of straight-line programs}},
url = {http://www.springerlink.com/index/qmk68j87w864q63u.pdf},
year = {1997}
}
@article{welch1984technique,
author = {Welch, T.},
issn = {0018-9162},
journal = {Computer},
number = {6},
pages = {8--19},
title = {{Technique for high-performance data compression.}},
url = {http://www.csa.com/partners/viewrecord.php?requester=gs\&collection=TRD\&recid=0805622CI},
volume = {17},
year = {1984}
}
@book{Eilenberg1974,
author = {Eilenberg, Samuel},
isbn = {0122340019},
pages = {451},
publisher = {Academic Press},
title = {{Automata, languages, and machines, Volume 59A (Pure and Applied Mathematics)}},
url = {http://www.amazon.com/Automata-languages-machines-Applied-Mathematics/dp/0122340019},
year = {1974}
}
@article{moffat1996self,
author = {Moffat, A. and Zobel, J.},
issn = {1046-8188},
journal = {ACM Transactions on Information Systems (TOIS)},
number = {4},
pages = {349--379},
publisher = {ACM},
title = {{Self-indexing inverted files for fast text retrieval}},
url = {http://portal.acm.org/citation.cfm?id=237497\&dl=},
volume = {14},
year = {1996}
}
@article{Amir2002,
author = {Amir, A. and Benson, C.},
journal = {Data Compression Conference, 1992. \ldots},
keywords = {data compression,searching},
mendeley-tags = {data compression,searching},
title = {{Efficient two-dimensional compressed matching}},
url = {http://ieeexplore.ieee.org/xpls/abs\_all.jsp?arnumber=227453},
year = {2002}
}
@article{MNUalgor03,
author = {M\"{a}kinen, V. and Navarro, G. and Ukkonen, E.},
journal = {Algorithmica},
pages = {347----369},
title = {{Approximate Matching of Run-Length Compressed Strings}},
volume = {35},
year = {2003}
}
@article{Revuz1992,
author = {Revuz, D},
doi = {10.1016/0304-3975(92)90142-3},
issn = {03043975},
journal = {Theoretical Computer Science},
month = jan,
number = {1},
pages = {181--189},
title = {{Minimisation of acyclic deterministic automata in linear time}},
url = {http://portal.acm.org/citation.cfm?id=135853.135907},
volume = {92},
year = {1992}
}
@article{baeza1999faster,
author = {Baeza-Yates and {G. Navarro}, R.},
issn = {0178-4617},
journal = {Algorithmica},
keywords = {string matching},
mendeley-tags = {string matching},
number = {2},
pages = {127--158},
publisher = {Springer},
title = {{Faster approximate string matching}},
url = {http://www.springerlink.com/index/YUEJWCFF7YGFKJAY.pdf},
volume = {23},
year = {1999}
}
@book{bell1990text,
author = {Bell, T.C. and Cleary, J.G. and Witten, I.H.},
isbn = {0139119914},
publisher = {Prentice-Hall, Inc. Upper Saddle River, NJ, USA},
title = {{Text compression}},
url = {http://portal.acm.org/citation.cfm?id=77753},
year = {1990}
}
@article{takeda2001speeding,
author = {Takeda, M. and Shibata, Y. and Matsumoto, T. and Kida, T. and Shinohara, A. and Fukamachi, S. and Shinohara, T. and Arikawa, S.},
journal = {Transactions of Information Processing Society of Japan},
keywords = {data compression,string matching},
mendeley-tags = {data compression,string matching},
number = {3},
pages = {370--384},
title = {{Speeding up string pattern matching by text compression: The dawn of a new era}},
url = {http://www.shino.ecei.tohoku.ac.jp/\~{}ayumi/papers/IPSJ40.pdf},
volume = {42},
year = {2001}
}
@article{Ziv2002,
author = {Ziv, J. and Lempel, A.},
journal = {Information Theory, IEEE Transactions on},
keywords = {data compression},
mendeley-tags = {data compression},
number = {3},
pages = {337----343},
title = {{A universal algorithm for sequential data compression}},
url = {http://ieeexplore.ieee.org/xpls/abs\_all.jsp?arnumber=1055714},
volume = {2003},
year = {2002}
}
@article{bell1993data,
author = {Bell, T.C. and Moffat, A. and Nevill-Manning, C.G. and Witten, I.H. and Zobel, J.},
issn = {1097-4571},
journal = {Journal of the American Society for Information Science},
number = {9},
pages = {508--531},
publisher = {John Wiley \& Sons},
title = {{Data compression in full-text retrieval systems}},
url = {http://www3.interscience.wiley.com/journal/10049905/abstract},
volume = {44},
year = {1993}
}
@article{crochemore1994speeding,
author = {Crochemore, M. and Czumaj, A. and Gasieniec, L. and Jarominek, S. and Lecroq, T. and Plandowski, W. and Rytter, W.},
issn = {0178-4617},
journal = {Algorithmica},
number = {4},
pages = {247--267},
publisher = {Springer},
title = {{Speeding up two string-matching algorithms}},
url = {http://www.springerlink.com/index/p783wl7323874635.pdf},
volume = {12},
year = {1994}
}
@book{crochemore1994text,
author = {Crochemore, M. and Rytter, W.},
publisher = {Oxford University Press, USA},
title = {{Text algorithms}},
url = {http://scholar.google.com/scholar?hl=en\&q=text+algorithms\&btnG=Search\&as\_sdt=1\%2C5\&as\_ylo=\&as\_vis=0\#0},
year = {1994}
}
@article{Farina,
author = {Farina, A and Ladra, S and Param\'{a}, JR},
journal = {ir.ii.uam.es},
keywords = {data compression,searching},
mendeley-tags = {data compression,searching},
title = {{Mejorando la b\'{u}squeda directa en texto comprimido}},
url = {http://ir.ii.uam.es/ceri2010/papers/ceri2010-fari\~{n}a.pdf}
}
@inproceedings{klein2002new,
author = {Klein, S.T. and Shapira, D.},
booktitle = {Data Compression Conference, 2000. Proceedings. DCC 2000},
isbn = {0769505929},
pages = {400--409},
publisher = {IEEE},
title = {{A new compression method for compressed matching}},
url = {http://ieeexplore.ieee.org/xpls/abs\_all.jsp?arnumber=838180},
year = {2002}
}
@article{burrows1994block,
author = {Burrows, M. and Wheeler, D.J.},
publisher = {Citeseer},
title = {{A block-sorting lossless data compression algorithm}},
url = {http://citeseerx.ist.psu.edu/viewdoc/summary?doi=10.1.1.141.5254},
year = {1994}
}
@inproceedings{williams1991extremely,
author = {Williams, R.N.},
booktitle = {Data Compression Conference, 1991. DCC'91.},
isbn = {0818692022},
pages = {362--371},
publisher = {IEEE},
title = {{An extremely fast Ziv-Lempel data compression algorithm}},
url = {http://ieeexplore.ieee.org/xpls/abs\_all.jsp?arnumber=213344},
year = {1991}
}
@article{lempel14compression,
author = {Lempel, A. and Ziv, J.},
journal = {Springer Verlag},
pages = {141--156},
title = {{Compression of two-dimensional images sequences, Combinatorial algorithms on words (ed. A. Apostolico, Z. Galil)}},
url = {http://scholar.google.com/scholar?hl=en\&q=\%22compression+of+two-dimensional+images+sequences\%22\&btnG=Search\&as\_sdt=1\%2C5\&as\_ylo=\&as\_vis=0\#3},
volume = {14},
year = {1985}
}
@article{ferragina2005indexing,
author = {Ferragina, Paolo and Manzini, Giovanni},
issn = {0004-5411},
journal = {Journal of the ACM (JACM)},
number = {4},
pages = {552--581},
publisher = {ACM},
title = {{Indexing compressed text}},
url = {http://portal.acm.org/citation.cfm?id=1082039},
volume = {52},
year = {2005}
}
@inproceedings{chi1992color,
author = {Chi, L. and Hui, K.},
booktitle = {Combinatorial Pattern Matching},
pages = {230--243},
publisher = {Springer},
title = {{Color set size problem with applications to string matching}},
url = {http://www.springerlink.com/index/y565487707522555.pdf},
year = {1992}
}
@article{Moura2000,
annote = {The compressed matching problem was first defined in the work of Amir and Benson [Amir and Benson 1992]
Roadmap:
- Farach and Thorup, 1995.
- Ziv and Lempel, 1976.
- Amir, 1996.
- Kida, 1998.
- Navarro, 1999.
- Kida, 1999.
Direct searching on compressed text:
Word-based seaching:
- Manber, 1997.
- Turpin and Moffat, 1997.
Semi-static model: a first pass to obtain the frequency and a second pass to perform the actual compression
      },
author = {de Moura, E Silva and Navarro, G},
journal = {ACM Transactions on  \ldots},
keywords = {algorithm,compressed text,searching},
mendeley-tags = {algorithm,compressed text,searching},
title = {{Fast and flexible word searching on compressed text}},
url = {http://portal.acm.org/citation.cfm?id=348754},
year = {2000}
}
@article{karhum,
author = {Karhumaki, J. and Mignosi, F. and Plandowski, W.},
issn = {0004-5411},
journal = {Journal of the ACM (JACM)},
number = {3},
pages = {483--505},
publisher = {ACM},
title = {{The expressibility of languages and relations by word equations}},
url = {http://portal.acm.org/citation.cfm?id=337255},
volume = {47},
year = {2000}
}
@book{papadimitriou2003computational,
author = {Papadimitriou, C.H.},
isbn = {0470864125},
publisher = {John Wiley and Sons Ltd.},
title = {{Computational complexity}},
url = {http://portal.acm.org/citation.cfm?id=1074233},
year = {2003}
}
@inproceedings{araujo1997large,
author = {Araujo, M. and Navarro, G. and Ziviani, N.},
booktitle = {Proceedings of the 4th South American Workshop on String Processing},
pages = {2--20},
title = {{Large text searching allowing errors}},
url = {http://scholar.google.com/scholar?hl=en\&q=large+text+searching+allowing+errors+araujo\&btnG=Search\&as\_sdt=1,5\&as\_ylo=\&as\_vis=0\#0},
year = {1997}
}
@article{fiala1989data,
author = {Fiala, E.R. and Greene, D.H.},
issn = {0001-0782},
journal = {Communications of the ACM},
number = {4},
pages = {490--505},
publisher = {ACM},
title = {{Data compression with finite windows}},
url = {http://portal.acm.org/citation.cfm?id=63341},
volume = {32},
year = {1989}
}
@article{culik1994finite,
author = {Culik, K. and Karhum$\backslash$$\backslash$"aki, J.},
journal = {SIAM Journal on Computing},
pages = {789},
title = {{Finite automata computing real functions}},
url = {http://link.aip.org/link/?SMJCAT/23/789/1},
volume = {23},
year = {1994}
}
@inproceedings{gasieniec1996randomized,
author = {Gasieniec, L. and Karpinski, M. and Plandowski, W. and Rytter, W.},
booktitle = {Combinatorial Pattern Matching},
pages = {39--49},
publisher = {Springer},
title = {{Randomized efficient algorithms for compressed strings: The finger-print approach}},
url = {http://www.springerlink.com/index/y0923213m1552660.pdf},
year = {1996}
}
@article{navarro2001guided,
author = {Navarro, G.},
issn = {0360-0300},
journal = {ACM computing surveys (CSUR)},
number = {1},
pages = {31--88},
publisher = {ACM},
title = {{A guided tour to approximate string matching}},
url = {http://portal.acm.org/citation.cfm?id=375365\&dl=},
volume = {33},
year = {2001}
}
@article{witten1987arithmetic,
author = {Witten, I.H. and Neal, R.M. and Cleary, J.G.},
issn = {0001-0782},
journal = {Communications of the ACM},
number = {6},
pages = {520--540},
publisher = {ACM},
title = {{Arithmetic coding for data compression}},
url = {http://portal.acm.org/citation.cfm?id=214771},
volume = {30},
year = {1987}
}
@inproceedings{gu1994efficient,
author = {Gu, M. and Farach, M. and Beigel, R.},
booktitle = {Proceedings of the fifth annual ACM-SIAM symposium on Discrete algorithms},
isbn = {0898713293},
pages = {697--704},
publisher = {Society for Industrial and Applied Mathematics},
title = {{An efficient algorithm for dynamic text indexing}},
url = {http://portal.acm.org/citation.cfm?id=314464.314675},
year = {1994}
}
@inproceedings{zobel1993searching,
author = {Zobel, J. and Moffat, A. and Sacks-Davis, R.},
booktitle = {Proc. International Conference on Very Large Databases},
publisher = {Citeseer},
title = {{Searching large lexicons for partially specified terms using compressed inverted files}},
url = {http://citeseerx.ist.psu.edu/viewdoc/summary?doi=10.1.1.56.5162},
year = {1993}
}
@article{eilam1988matching,
annote = {run-length compressed pattern matching},
author = {Eilam-Tzoreff, T. and Vishkin, U.},
issn = {0304-3975},
journal = {Theoretical Computer Science},
number = {3},
pages = {231--254},
publisher = {Elsevier},
title = {{Matching patterns in strings subject to multi-linear transformations}},
url = {http://cat.inist.fr/?aModele=afficheN\&cpsidt=7256050},
volume = {60},
year = {1988}
}
@article{Manning,
author = {Manning, CD},
journal = {dspace.cusat.ac.in},
keywords = {data compression,information retrieval,searching},
mendeley-tags = {data compression,information retrieval,searching},
title = {{An introduction to information retrieval}},
url = {http://dspace.cusat.ac.in/dspace/handle/123456789/2538}
}
@inproceedings{plandowski1999satisfiability,
author = {Plandowski, W.},
booktitle = {Proceedings of the thirty-first annual ACM symposium on Theory of computing},
isbn = {1581130678},
pages = {721--725},
publisher = {ACM},
title = {{Satisfiability of word equations with constants is in NEXPTIME}},
url = {http://portal.acm.org/citation.cfm?id=301443},
year = {1999}
}
@inproceedings{hon2010faster,
author = {Hon, W.K. and Ku, T.H. and Shah, R. and Thankachan, S. and Vitter, J.},
booktitle = {String Processing and Information Retrieval},
pages = {191--200},
publisher = {Springer},
title = {{Faster compressed dictionary matching}},
url = {http://www.springerlink.com/index/JR078387PK151P14.pdf},
year = {2010}
}
@article{Moffat1998,
abstract = {We consider the problem of calculating minimum-redundancy codes for alphabets in which there is significant repetition of symbol weights. On a sorted-by-weight alphabet of, n symbols and r distinct symbol weights we show that a minimum-redundancy prefix code can be constructed in O(r+r log(n/r)) time, and that a minimum redundancy L-bit length-limited prefix code can be constructed in O(Lr+Lrlog(n/r)) time. When r is small relative to n-which is necessarily the case for most practical coding problems on large alphabets-these bounds represent a substantial improvement upon the best previous algorithms for these two problems, which consumed O(n) time and O(nL) time, respectively. The improved algorithms are also space-efficient},
author = {Moffat, A. and Turpin, A.},
doi = {10.1109/18.681345},
issn = {00189448},
journal = {IEEE Transactions on Information Theory},
month = jul,
number = {4},
pages = {1650--1657},
title = {{Efficient construction of minimum-redundancy codes for large alphabets}},
url = {http://ieeexplore.ieee.org/xpl/freeabs\_all.jsp?arnumber=681345},
volume = {44},
year = {1998}
}
@inproceedings{nevill2002compression,
author = {Nevill-Manning, C.G. and Witten, I.H. and Maulsby, D.L.},
booktitle = {Data Compression Conference, 1994. DCC'94. Proceedings},
isbn = {0818656379},
pages = {244--253},
publisher = {IEEE},
title = {{Compression by induction of hierarchical grammars}},
url = {http://ieeexplore.ieee.org/xpls/abs\_all.jsp?arnumber=305932},
year = {2002}
}
@article{plandowski1998application,
author = {Plandowski, W. and Rytter, W.},
journal = {Automata, Languages and Programming},
pages = {731--742},
publisher = {Springer},
title = {{Application of Lempel-Ziv encodings to the solution of word equations}},
url = {http://www.springerlink.com/index/9T7857013V54R8V7.pdf},
year = {1998}
}
@inproceedings{berman1997complexity,
author = {Berman, P. and Karpinski, M. and Larmore, L. and Plandowski, W. and Rytter, W.},
booktitle = {Combinatorial Pattern Matching},
pages = {40--51},
publisher = {Springer},
title = {{On the complexity of pattern matching for highly compressed two-dimensional texts}},
url = {http://www.springerlink.com/index/V9GU220605RG3822.pdf},
year = {1997}
}
@article{sadakane2000compressed,
author = {Sadakane, K.},
journal = {Algorithms and Computation},
pages = {295--321},
publisher = {Springer},
title = {{Compressed text databases with efficient query algorithms based on the compressed suffix array}},
url = {http://www.springerlink.com/index/KH8MYH1DQJD88TKF.pdf},
year = {2000}
}
@article{Ziv2003,
author = {Ziv, J. and Lempel, A.},
journal = {Information Theory, IEEE Transactions on},
keywords = {data compression},
mendeley-tags = {data compression},
number = {5},
pages = {530----536},
title = {{Compression of individual sequences via variable-rate coding}},
url = {http://ieeexplore.ieee.org/xpls/abs\_all.jsp?arnumber=1055934},
volume = {24},
year = {2003}
}
@article{lempel2002complexity,
author = {Lempel, A. and Ziv, J.},
issn = {0018-9448},
journal = {Information Theory, IEEE Transactions on},
number = {1},
pages = {75--81},
publisher = {IEEE},
title = {{On the complexity of finite sequences}},
url = {http://ieeexplore.ieee.org/xpls/abs\_all.jsp?arnumber=1055501},
volume = {22},
year = {2002}
}
@article{gasieniec1996efficient,
annote = {LZ77 compressed pattern matcing algorithm},
author = {Gasieniec, L. and Karpinski, M. and Plandowski, W. and Rytter, W.},
journal = {Algorithm Theory},
pages = {392--403},
publisher = {Springer},
title = {{Efficient algorithms for Lempel-Ziv encoding}},
url = {http://www.springerlink.com/index/p1m2565818785149.pdf},
year = {1996}
}
@article{farach1998string,
author = {Farach, M. and Thorup, M.},
issn = {0178-4617},
journal = {Algorithmica},
number = {4},
pages = {388--404},
publisher = {Springer},
title = {{String Matching in Lempel-Ziv Compressed Strings}},
url = {http://www.springerlink.com/index/V30UKNE24KQKRR82.pdf},
volume = {20},
year = {1998}
}
@inproceedings{matsumoto2002bit,
annote = {collage compressed pattern matching algorithm},
author = {Matsumoto, T. and Kida, T. and Takeda, M. and Shinohara, A. and Arikawa, S.},
booktitle = {String Processing and Information Retrieval, 2000. SPIRE 2000. Proceedings. Seventh International Symposium on},
isbn = {0769507468},
keywords = {compressed text,parallel,string matching},
mendeley-tags = {compressed text,parallel,string matching},
pages = {221--228},
publisher = {IEEE},
title = {{Bit-parallel approach to approximate string matching in compressed texts}},
url = {http://ieeexplore.ieee.org/iel5/7055/19010/00878198.pdf?arnumber=878198},
year = {2002}
}
@article{shibata2000speeding,
annote = {pattern substitution compressed pattern matching algorithm},
author = {Shibata, Y. and Kida, T. and Fukamachi, S. and Takeda, M. and Shinohara, A. and Shinohara, T. and Arikawa, S.},
journal = {Algorithms and Complexity},
keywords = {compressed text,pattern matching},
mendeley-tags = {compressed text,pattern matching},
pages = {306--315},
publisher = {Springer},
title = {{Speeding up pattern matching by text compression}},
url = {http://www.springerlink.com/index/FA7C7HEQNL6QWB4Q.pdf},
year = {2000}
}
@article{k,
author = {Karkkainen, J. and Ukkonen, E.},
journal = {Computing and Combinatorics},
pages = {219--230},
publisher = {Springer},
title = {{Sparse suffix trees}},
url = {http://www.springerlink.com/index/7Q11171M1H354073.pdf},
year = {1996}
}
@article{shibata1999byte,
author = {Shibata, Y. and Kida, T. and Fukamachi, S. and Takeda, M. and Shinohara, A. and Shinohara, T. and Arikawa, S.},
publisher = {Citeseer},
title = {{Byte Pair encoding: A text compression scheme that accelerates pattern matching}},
url = {http://citeseerx.ist.psu.edu/viewdoc/summary?doi=10.1.1.46.4046},
year = {1999}
}
@article{plandowski1994testing,
author = {Plandowski, W.},
journal = {Algorithms},
pages = {460--470},
publisher = {Springer},
title = {{Testing equivalence of morphisms on context-free languages}},
url = {http://www.springerlink.com/index/R25435618730900X.pdf},
year = {1994}
}
@inproceedings{kida2002unifying,
author = {Kida, T. and Shibata, Y. and Takeda, M. and Shinohara, A. and Arikawa, S.},
booktitle = {String Processing and Information Retrieval Symposium, 1999 and International Workshop on Groupware},
isbn = {0769502687},
pages = {89--96},
publisher = {IEEE},
title = {{A unifying framework for compressed pattern matching}},
url = {http://ieeexplore.ieee.org/xpls/abs\_all.jsp?arnumber=796582},
year = {2002}
}
@article{rytter2002compressed,
author = {Rytter, W.},
issn = {0018-9219},
journal = {Proceedings of the IEEE},
number = {11},
pages = {1769--1778},
publisher = {IEEE},
title = {{Compressed and fully compressed pattern matching in one and two dimensions}},
url = {http://ieeexplore.ieee.org/xpls/abs\_all.jsp?arnumber=892712},
volume = {88},
year = {2002}
}
@article{schwartz1979probabilistic,
author = {Schwartz, J.},
journal = {Symbolic and Algebraic Computation},
pages = {200--215},
publisher = {Springer},
title = {{Probabilistic algorithms for verification of polynomial identities}},
url = {http://www.springerlink.com/index/px628255h48185t2.pdf},
year = {1979}
}
@inproceedings{schnattinger2010bidirectional,
author = {Schnattinger, T. and Ohlebusch, E. and Gog, S.},
booktitle = {Combinatorial Pattern Matching},
pages = {40--50},
publisher = {Springer},
title = {{Bidirectional Search in a String with Wavelet Trees}},
url = {http://www.springerlink.com/index/KM4X7535547841U7.pdf},
year = {2010}
}
@article{de1994p,
author = {{De Agostino}, S.},
issn = {0304-3975},
journal = {Theoretical computer science},
number = {1},
pages = {181--186},
publisher = {Elsevier},
title = {{P-complete problems in data compression}},
url = {http://linkinghub.elsevier.com/retrieve/pii/0304397594901066},
volume = {127},
year = {1994}
}
@article{zipstein1992data,
author = {Zipstein, M.},
issn = {0304-3975},
journal = {Theoretical Computer Science},
number = {1},
pages = {213--221},
publisher = {Elsevier},
title = {{Data compression with factor automata}},
url = {http://linkinghub.elsevier.com/retrieve/pii/0304397592901445},
volume = {92},
year = {1992}
}
@inproceedings{navarro2000boyer,
annote = {LZW compressed pattern matching algorithm},
author = {Navarro, G. and Tarhio, J.},
booktitle = {Combinatorial Pattern Matching},
keywords = {string matching},
mendeley-tags = {string matching},
pages = {166--180},
publisher = {Springer},
title = {{Boyer-Moore String Matching over Ziv-Lempel Compressed Text}},
url = {http://www.springerlink.com/index/51FG34TDUBANDPQL.pdf},
year = {2000}
}
@article{bentley1986locally,
author = {Bentley, J.L. and Sleator, D.D. and Tarjan, R.E. and Wei, V.K.},
issn = {0001-0782},
journal = {Communications of the ACM},
number = {4},
pages = {320--330},
publisher = {ACM},
title = {{A locally adaptive data compression scheme}},
url = {http://portal.acm.org/citation.cfm?id=5688},
volume = {29},
year = {1986}
}
@inproceedings{bell2002searching,
author = {Bell, T. and Powell, M. and Mukherjee, A. and Adjeroh, D.},
booktitle = {Data Compression Conference, 2002. Proceedings. DCC 2002},
isbn = {0769514774},
issn = {1068-0314},
pages = {112--121},
publisher = {IEEE},
title = {{Searching BWT compressed text with the Boyer-Moore algorithm and binary search}},
url = {http://ieeexplore.ieee.org/xpls/abs\_all.jsp?arnumber=999949},
year = {2002}
}
@inproceedings{kida2002multiple,
annote = {LZW compressed pattern matching algorithm},
author = {Kida, T. and Takeda, M. and Shinohara, A. and Miyazaki, M. and Arikawa, S.},
booktitle = {Data Compression Conference, 1998. DCC'98. Proceedings},
isbn = {0818684062},
issn = {1068-0314},
pages = {103--112},
publisher = {IEEE},
title = {{Multiple pattern matching in LZW compressed text}},
url = {http://ieeexplore.ieee.org/xpls/abs\_all.jsp?arnumber=672136},
year = {2002}
}
@article{shallit1999efficient,
author = {Shallit, J. and Swart, D.},
publisher = {Citeseer},
title = {{An Efficient Algorithm for Computing the Ith Letter of Phi$\backslash$\^{} n (a)}},
url = {http://citeseerx.ist.psu.edu/viewdoc/summary?doi=10.1.1.46.368},
year = {1999}
}
@article{amir1992efficient,
annote = {run-length 2d compressed pattern matching},
author = {Amir, A. and Landau, G.M. and Vishkin, U.},
issn = {0196-6774},
journal = {Journal of Algorithms},
number = {1},
pages = {2--32},
publisher = {Elsevier},
title = {{Efficient pattern matching with scaling}},
url = {http://linkinghub.elsevier.com/retrieve/pii/019667749290003U},
volume = {13},
year = {1992}
}
@incollection{springerlink:10.1007/3-540-48452-3_2,
abstract = {We address the problem of string matching on Ziv-Lempel compressed text. The goal is to search a pattern in a text without uncompressing it. This is a highly relevant issue to keep compressed text databases where efficient searching is still possible. We develop a general technique for string matching when the text comes as a sequence of blocks. This abstracts the essential features of Ziv-Lempel compression. We then apply the scheme to each particular type of compression. We present the first algorithm to find all the matches of a pattern in a text compressed using LZ77. When we apply our scheme to LZ78, we obtain a much more efficient search algorithm, which is faster than uncompressing the text and then searching on it. Finally, we propose a new hybrid compression scheme which is between LZ77 and LZ78, being in practice as good to compress as LZ77 and as fast to search in as LZ78.},
annote = {LZW compressed pattern matching algorithm},
author = {Navarro, Gonzalo and Raffinot, Mathieu},
booktitle = {Combinatorial Pattern Matching},
editor = {Crochemore, Maxime and Paterson, Mike},
pages = {14--36},
publisher = {Springer Berlin / Heidelberg},
series = {Lecture Notes in Computer Science},
title = {{A General Practical Approach to Pattern Matching over Ziv-Lempel Compressed Text}},
url = {http://dx.doi.org/10.1007/3-540-48452-3\_2},
volume = {1645},
year = {1999}
}
@inproceedings{Milidiu1998,
author = {Milidiu, R L and Pessoa, A A and Laber, E S},
booktitle = {String Processing and Information Retrieval: A South American Symposium, 1998. Proceedings},
isbn = {VO -},
keywords = {BRCI,Build Remove Condense Insert algorithm,Huffman codes,codewords,compression schemes,computational complexity,data compression,decoding,full-text databases,full-text retrieval systems,in-place length-restricted prefix coding,sorted input list,sorting,vocabulary,word-based models},
pages = {50--59},
title = {{In-place length-restricted prefix coding}},
year = {1998}
}
@article{Navjda03,
author = {Navarro, G},
journal = {Journal of Discrete Algorithms (JDA)},
number = {5/6},
pages = {423--443},
publisher = {Elsevier Science},
title = {{Regular Expression Searching on Compressed Text}},
volume = {1},
year = {2003}
}
@inproceedings{vo1998compressed,
author = {Vo, A.N. and Moffat, A.},
booktitle = {Proceedings of the 21st annual international ACM SIGIR conference on Research and development in information retrieval},
isbn = {1581130155},
pages = {290--297},
publisher = {ACM},
title = {{Compressed inverted files with reduced decoding overheads}},
url = {http://portal.acm.org/citation.cfm?id=290941.291011},
year = {1998}
}
@article{munro2001space,
author = {Munro, J.I. and Raman, V. and Rao, S.S.},
issn = {0196-6774},
journal = {Journal of Algorithms},
number = {2},
pages = {205--222},
publisher = {Elsevier},
title = {{Space Efficient Suffix Trees}},
url = {http://linkinghub.elsevier.com/retrieve/pii/S0196677400911519},
volume = {39},
year = {2001}
}
@inproceedings{de1998fast,
author = {{De Moura}, E.S. and Navarro, G. and Ziviani, N. and Baeza-Yates, R.},
booktitle = {Proceedings of the 21st annual international ACM SIGIR conference on Research and development in information retrieval},
isbn = {1581130155},
pages = {298--306},
publisher = {ACM},
title = {{Fast searching on compressed text allowing errors}},
url = {http://portal.acm.org/citation.cfm?id=290941.291013\&type=series},
year = {1998}
}
@article{schmidt2011pattern,
author = {Schmidt-Schau\ss, M.},
title = {{Pattern Matching of Compressed Terms and Contexts and Polynomial Rewriting}},
url = {http://www.ki.informatik.uni-frankfurt.de/papers/schauss/frank-43.pdf},
year = {2011}
}
@inproceedings{de1992parallel,
author = {{De Agostino}, S. and Storer, J.A.},
booktitle = {Data Compression Conference, 1992. DCC'92.},
isbn = {0818627174},
pages = {52--61},
publisher = {IEEE},
title = {{Parallel algorithms for optimal compression using dictionaries with the prefix property}},
url = {http://ieeexplore.ieee.org/xpls/abs\_all.jsp?arnumber=227476},
year = {1992}
}
@article{ziviani2000compression,
author = {Ziviani, N. and de Moura, E.S. and Navarro, G. and Baeza-Yates, R.},
issn = {0018-9162},
journal = {Computer},
keywords = {data compression,huffman code},
mendeley-tags = {data compression,huffman code},
pages = {37--44},
publisher = {Published by the IEEE Computer Society},
title = {{Compression: A key for next-generation text retrieval systems}},
url = {http://www.computer.org/portal/web/csdl/doi/10.1109/2.881693},
year = {2000}
}
@inproceedings{kida1999shift,
author = {Kida, T. and Takeda, M. and Shinohara, A. and Arikawa, S.},
booktitle = {Combinatorial Pattern Matching},
pages = {1--13},
publisher = {Springer},
title = {{Shift-And approach to pattern matching in LZW compressed text}},
url = {http://www.springerlink.com/index/U039G7XTT8W2GBQ6.pdf},
year = {1999}
}
@article{crochemore1991efficient,
author = {Crochemore, M. and Rytter, W.},
issn = {0020-0190},
journal = {Information Processing Letters},
number = {2},
pages = {57--60},
publisher = {Elsevier},
title = {{Efficient parallel algorithms to test square-freeness and factorize strings}},
url = {http://linkinghub.elsevier.com/retrieve/pii/0020019091902235},
volume = {38},
year = {1991}
}
@article{moffat1989word,
author = {Moffat, A.},
issn = {1097-024X},
journal = {Software: Practice and Experience},
number = {2},
pages = {185--198},
publisher = {Wiley Online Library},
title = {{Word-based text compression}},
url = {http://onlinelibrary.wiley.com/doi/10.1002/spe.4380190207/abstract},
volume = {19},
year = {1989}
}
@article{moffat1995situ,
author = {Moffat, A. and Bell, T.A.H.},
issn = {1097-4571},
journal = {Journal of the American Society for Information Science},
number = {7},
pages = {537--550},
publisher = {John Wiley \& Sons},
title = {{In situ generation of compressed inverted files}},
url = {http://www3.interscience.wiley.com/journal/10050212/abstract},
volume = {46},
year = {1995}
}
@inproceedings{farach1995optimal,
author = {Farach, M. and Muthukrishnan, S.},
booktitle = {Proceedings of the seventh annual ACM symposium on Parallel algorithms and architectures},
isbn = {0897917170},
pages = {244--253},
publisher = {ACM},
title = {{Optimal parallel dictionary matching and compression (extended abstract)}},
url = {http://portal.acm.org/citation.cfm?id=215451},
year = {1995}
}
@inproceedings{tao2004lzw,
author = {Tao, T. and Mukherjee, A.},
booktitle = {Proceeding Data Compression Conference (DCC'04), pp},
pages = {568--601},
publisher = {Citeseer},
title = {{LZW based compressed pattern matching}},
url = {http://citeseerx.ist.psu.edu/viewdoc/download?doi=10.1.1.137.4647\&rep=rep1\&type=pdf},
year = {2004}
}
@inproceedings{choueka1988compression,
author = {Choueka, Y. and Fraenkel, A.S. and Klein, S.T.},
booktitle = {Proceedings of the 11th annual international ACM SIGIR conference on Research and development in information retrieval},
isbn = {2706103094},
pages = {597--612},
publisher = {ACM},
title = {{Compression of concordances in full-text retrieval systems}},
url = {http://portal.acm.org/citation.cfm?id=62500},
year = {1988}
}
@article{Brisaboa2007,
author = {Brisaboa, NR and Fari\~{n}a, A},
journal = {Information Retrieval},
keywords = {data compression,searching},
mendeley-tags = {data compression,searching},
title = {{Lightweight natural language text compression}},
url = {http://www.springerlink.com/index/F2019344P476R022.pdf},
year = {2007}
}
@misc{whiting1991data,
annote = {US Patent 5,016,009},
author = {Whiting, D.L. and George, G.A. and Ivey, G.E.},
booktitle = {US Patent 5,016,009},
month = may,
publisher = {Google Patents},
title = {{Data compression apparatus and method}},
url = {http://www.google.com/patents?hl=en\&lr=\&vid=USPAT5016009\&id=l5QkAAAAEBAJ\&oi=fnd\&dq=data+compression+apparatus+and+method\&printsec=abstract},
year = {1991}
}
@book{crochemore2003jewels,
author = {Crochemore, M. and Rytter, W.},
isbn = {9810248970},
publisher = {World Scientific Pub Co Inc},
title = {{Jewels of stringology: text algorithms}},
url = {http://books.google.com/books?hl=en\&lr=\&id=9NdohJXtIyYC\&oi=fnd\&pg=PR5\&dq=jewel+of+stringology\&ots=lm380vK-C9\&sig=vAHh0jwjC0FKW2vzaFaaDurGlSs},
year = {2003}
}
@article{elias1975universal,
author = {Elias, P.},
issn = {0018-9448},
journal = {Information Theory, IEEE Transactions on},
number = {2},
pages = {194--203},
publisher = {IEEE},
title = {{Universal codeword sets and representations of the integers}},
url = {http://ieeexplore.ieee.org/xpls/abs\_all.jsp?arnumber=1055349},
volume = {21},
year = {1975}
}
@article{Storer1988,
author = {Storer, J},
title = {{Data Compression Methods and Theory.}},
url = {http://www.csa.com/partners/viewrecord.php?requester=gs\&collection=TRD\&recid=1892920CI},
year = {1988}
}
@inproceedings{angluin1979finding,
author = {Angluin, D.},
booktitle = {Proceedings of the eleventh annual ACM symposium on Theory of computing},
pages = {130--141},
publisher = {ACM},
title = {{Finding patterns common to a set of strings (Extended Abstract)}},
url = {http://portal.acm.org/citation.cfm?id=804406},
year = {1979}
}
@misc{culik1995fractal,
author = {Culik, K. and Kari, J.},
publisher = {Springer Verlag},
title = {{Fractal image compression: theory and applications}},
url = {http://scholar.google.com/scholar?hl=en\&q=\%22fractal+image+compression\%3A+theory+and+applications\%22\&btnG=Search\&as\_sdt=1\%2C5\&as\_ylo=\&as\_vis=0\#0},
year = {1995}
}
@book{aho74:_desig,
author = {Aho, A V and Hopcroft, J E and Ullman, J D},
publisher = {Addison-Wesley Publishing Company},
title = {{The Design and Analysis of Computer Algorithms}},
year = {1974}
}
@article{horspool1980practical,
author = {Horspool, R.N.},
issn = {1097-024X},
journal = {Software: Practice and Experience},
number = {6},
pages = {501--506},
publisher = {Wiley Online Library},
title = {{Practical fast searching in strings}},
url = {http://onlinelibrary.wiley.com/doi/10.1002/spe.4380100608/abstract},
volume = {10},
year = {1980}
}
@inproceedings{motwani2010randomized,
author = {Motwani, R. and Raghavan, P.},
booktitle = {Algorithms and theory of computation handbook},
pages = {12--12},
publisher = {Chapman \& Hall/CRC},
title = {{Randomized algorithms}},
url = {http://portal.acm.org/citation.cfm?id=1882769},
year = {2010}
}
@book{nelsondata,
author = {Nelson, M. and Gailly, J.L.},
booktitle = {Citeseer},
edition = {2nd Editio},
publisher = {Citeseer},
title = {{The Data Compression Book}},
url = {http://citeseerx.ist.psu.edu/viewdoc/download?doi=10.1.1.136.5010\&rep=rep1\&type=pdf}
}
@book{larsson1999structures,
author = {Larsson, N.J.},
isbn = {9162836854},
publisher = {Citeseer},
title = {{Structures of string matching and data compression}},
url = {http://citeseerx.ist.psu.edu/viewdoc/download?doi=10.1.1.81.1171\&rep=rep1\&type=pdf},
year = {1999}
}
