@book{aho74:_desig,
annote = {Presenta an\'{a}lisis de los principales conceptos algoritmicos. Tiene un cap\'{\i}tulo relacionado con algoritmos de String Matching.},
author = {Aho, A V and Hopcroft, J E and Ullman, J D},
publisher = {Addison-Wesley Publishing Company},
title = {{The Design and Analysis of Computer Algorithms}},
year = {1974}
}
@article{aho1975efficient,
annote = {Presenta un algoritmo basado en una maquina de estados finitos para el problema de String Matching, de las soluciones m\'{a}s eficientes.},
author = {Aho, A.V. and Corasick, M.J.},
file = {:C$\backslash$:/Users/aeurielesn/Documents/docs/mendeley/library/Aho, Corasick/Efficient string matching an aid to bibliographic search/1975/Aho, Corasick - 1975 - Efficient string matching an aid to bibliographic search(2).pdf:pdf;:C$\backslash$:/Users/aeurielesn/Documents/docs/mendeley/library/Aho, Corasick/Efficient string matching an aid to bibliographic search/1975/Aho, Corasick - 1975 - Efficient string matching an aid to bibliographic search.pdf:pdf},
issn = {0001-0782},
journal = {Communications of the ACM},
keywords = {lista\_filtrada,string matching},
mendeley-tags = {lista\_filtrada,string matching},
number = {6},
pages = {333--340},
publisher = {ACM},
title = {{Efficient string matching: an aid to bibliographic search}},
url = {http://portal.acm.org/citation.cfm?id=360855\&amp;dl=ACM\&amp;coll=GUIDE},
volume = {18},
year = {1975}
}
@article{Amir2002,
annote = {Propone un nuevo paradigma, el problema de Compressed Pattern Matching. Presenta una soluci\'{o}n para el problema usando compresi\'{o}n two-dimensional RLE.},
author = {Amir, A. and Benson, C.},
file = {:C$\backslash$:/Users/aeurielesn/Documents/docs/mendeley/library/Amir, Benson/Efficient two-dimensional compressed matching/2002/Amir, Benson - 2002 - Efficient two-dimensional compressed matching.pdf:pdf},
journal = {Data Compression Conference, 1992},
keywords = {bibliografia\_anotada,data compression,lista\_filtrada,rle,searching},
mendeley-tags = {bibliografia\_anotada,data compression,lista\_filtrada,rle,searching},
title = {{Efficient two-dimensional compressed matching}},
url = {http://ieeexplore.ieee.org/xpls/abs\_all.jsp?arnumber=227453},
year = {2002}
}
@inproceedings{amir1992two,
annote = {Estudio de t\'{e}cnicas de compresi\'{o}n en dos dimensaiones.},
author = {Amir, A. and Benson, G.},
booktitle = {Proceedings of the third annual ACM-SIAM symposium on Discrete algorithms},
keywords = {lista\_filtrada},
mendeley-tags = {lista\_filtrada},
pages = {440--452},
publisher = {Society for Industrial and Applied Mathematics},
title = {{Two-dimensional periodicity and its applications}},
url = {http://portal.acm.org/citation.cfm?id=139489\&dl=GUIDE,},
year = {1992}
}
@article{amir1997optimal,
annote = {Presenta una veri\'{o}n \'{o}ptima para el problema de Compressed Pattern Matching para modelos de compresi\'{o}n en dos dimensiones, especialmente RLE.},
author = {Amir, A. and Benson, G. and Farach, M.},
file = {:C$\backslash$:/Users/aeurielesn/Documents/docs/mendeley/library/Amir, Benson, Farach/Optimal two-dimensional compressed matching/1997/Amir, Benson, Farach - 1997 - Optimal two-dimensional compressed matching.pdf:pdf},
issn = {0196-6774},
journal = {Journal of Algorithms},
keywords = {lista\_filtrada,rle},
mendeley-tags = {lista\_filtrada,rle},
number = {2},
pages = {354--379},
publisher = {Elsevier},
title = {{Optimal two-dimensional compressed matching}},
url = {http://linkinghub.elsevier.com/retrieve/pii/S0196677497908609},
volume = {24},
year = {1997}
}
@inproceedings{amir2000inplace,
annote = {Presenta un algoritmo In-Place para el problema de Compressed Pattern Matching para el m\'{o}delo de compresi\'{o}n Two-Dimensional RLE.},
author = {Amir, A. and Landau, G.M. and Sokol, D.},
booktitle = {Proceedings of the eleventh annual ACM-SIAM symposium on Discrete algorithms},
file = {:C$\backslash$:/Users/aeurielesn/Documents/docs/mendeley/library/Amir, Landau, Sokol/Inplace run-length 2d compressed search/2000/Amir, Landau, Sokol - 2000 - Inplace run-length 2d compressed search.pdf:pdf},
isbn = {0898714532},
keywords = {bibliografia\_anotada,lista\_filtrada,rle},
mendeley-tags = {bibliografia\_anotada,lista\_filtrada,rle},
pages = {817--818},
publisher = {Society for Industrial and Applied Mathematics},
title = {{Inplace run-length 2d compressed search}},
url = {http://portal.acm.org/citation.cfm?id=338644},
year = {2000}
}
@article{amir1992efficient,
annote = {Presenta un algoritmo en tiempo lineal para el problema Compressed Pattern Matching para compresi\'{o}n RLE en dos dimensiones. Transforma el problema de dos dimensiones a una dimensi\'{o}n.},
author = {Amir, A. and Landau, G.M. and Vishkin, U.},
issn = {0196-6774},
journal = {Journal of Algorithms},
keywords = {lista\_filtrada},
mendeley-tags = {lista\_filtrada},
number = {1},
pages = {2--32},
publisher = {Elsevier},
title = {{Efficient pattern matching with scaling}},
url = {http://linkinghub.elsevier.com/retrieve/pii/019667749290003U},
volume = {13},
year = {1992}
}
@article{Amir1996299,
abstract = {The current explosion of stored information necessitates a new model of pattern matching, that ofcompressed matching. In this model one tries to find all occurrences of a pattern in a compressed text in time proportional to the compressed text size,i.e., without decompressing the text. The most effective general purpose compression algorithms areadaptive, in that the text represented by each compression symbol is determined dynamically by the data. As a result, the encoding of a substring depends on its location. Thus the same substring may},
annote = {Presenta un algoritmo para b\'{u}squedas de ocurrencias en algoritmos LZ78/LZW para el problema de Compressed Pattern Matching. \'{U}til, base de muchas otras aproximaciones al problema. Unas de las primeras aproximaciones al problema.},
author = {Amir, Amihood and Benson, Gary and Farach, Martin},
doi = {DOI: 10.1006/jcss.1996.0023},
file = {:C$\backslash$:/Users/aeurielesn/Documents/docs/mendeley/library/Amir, Benson, Farach/Let Sleeping Files Lie Pattern Matching in Z-Compressed Files/1996/Amir, Benson, Farach - 1996 - Let Sleeping Files Lie Pattern Matching in Z-Compressed Files.pdf:pdf},
issn = {0022-0000},
journal = {Journal of Computer and System Sciences},
keywords = {bibliografia\_anotada,lista\_filtrada,lz78,lzw},
mendeley-tags = {bibliografia\_anotada,lista\_filtrada,lz78,lzw},
number = {2},
pages = {299--307},
title = {{Let Sleeping Files Lie: Pattern Matching in Z-Compressed Files}},
url = {http://www.sciencedirect.com/science/article/B6WJ0-45NJMJK-8/2/eabbcfebe41480a09770993d32402a27},
volume = {52},
year = {1996}
}
@article{Angluin1980a,
abstract = {Assume a finite alphabet of constant symbols and a disjoint infinite alphabet of variable symbols. A pattern is a non-null finite string of constant and variable symbols. The language of a pattern is all strings obtainable by substituting non-null strings of constant symbols for the variables of the pattern. A sample is a finite nonempty set of non-null strings of constant symbols. Given a sample S, a pattern p is descriptive of S provided the language of p contains S and does not properly contain the language of any other pattern that contains S. The computational problem of finding a pattern descriptive of a given sample is studied. The main result is a polynomial-time algorithm for the special case of patterns containing only one variable symbol (possibly occurring several times in the pattern). Several other results are proved concerning the class of languages generated by patterns and the problem of finding a descriptive pattern.},
annote = {Propone un algoritmo en tiempo lineal para el caso especial de patrones conteniendo una \'{u}nica variable simb\'{o}lica variable con m\'{u}ltiples ocurrencias en el patr\'{o}n.},
author = {Angluin, D},
doi = {10.1016/0022-0000(80)90041-0},
issn = {00220000},
journal = {Journal of Computer and System Sciences},
month = aug,
number = {1},
pages = {46--62},
title = {{Finding patterns common to a set of strings}},
url = {http://dx.doi.org/10.1016/0022-0000(80)90041-0},
volume = {21},
year = {1980}
}
@inproceedings{angluin1979finding,
annote = {Propone un algoritmo en tiempo lineal para el caso especial de patrones conteniendo una \'{u}nica variable simb\'{o}lica variable con m\'{u}ltiples ocurrencias en el patr\'{o}n.},
author = {Angluin, D.},
booktitle = {Proceedings of the eleventh annual ACM symposium on Theory of computing},
pages = {130--141},
publisher = {ACM},
title = {{Finding patterns common to a set of strings (Extended Abstract)}},
url = {http://portal.acm.org/citation.cfm?id=804406},
year = {1979}
}
@inproceedings{araujo1997large,
annote = {Propone un algoritmo para el problema de Approximate String Matching basado en Full Inverted Indexes. Resultados experimentales con la implementaci\'{o}n de una herramienta, Igrep.},
author = {Araujo, M. and Navarro, G. and Ziviani, N.},
booktitle = {Proceedings of the 4th South American Workshop on String Processing},
file = {:C$\backslash$:/Users/aeurielesn/Documents/docs/mendeley/library/Araujo, Navarro, Ziviani/Large text searching allowing errors/1997/Araujo, Navarro, Ziviani - 1997 - Large text searching allowing errors.pdf:pdf},
keywords = {inverted indexes,lista\_filtrada,string matching},
mendeley-tags = {inverted indexes,lista\_filtrada,string matching},
pages = {2--20},
title = {{Large text searching allowing errors}},
url = {http://scholar.google.com/scholar?hl=en\&q=large+text+searching+allowing+errors+araujo\&btnG=Search\&as\_sdt=1,5\&as\_ylo=\&as\_vis=0\#0},
year = {1997}
}
@article{baezatext,
annote = {Libro presenta una introducci\'{o}n a la Recuperaci\'{o}n de Informaci\'{o}n.},
author = {Baeza-aates, R.},
file = {:C$\backslash$:/Users/aeurielesn/Documents/docs/mendeley/library/Baeza-Yates/Text retrieval Theory and practice/Unknown/Baeza-Yates - Unknown - Text retrieval Theory and practice.pdf:pdf},
journal = {alta.asn.au},
keywords = {lista\_filtrada},
mendeley-tags = {lista\_filtrada},
title = {{Text retrieval: Theory and practice}},
url = {http://www.alta.asn.au/events/altss\_w2003\_proc/public\_lectures/baeza-yates/baeza-yates\_tutorial.pdf}
}
@article{Baeza-Yates1992,
annote = {Presenta el algoritmos Shitf-Or (o Shift-And) para soluci\'{o}n al problema de String Matching. },
author = {Baeza-Yates, R. and Gonnet, G.H.},
file = {:C$\backslash$:/Users/aeurielesn/Documents/docs/mendeley/library/Baeza-Yates, Gonnet/A new approach to text searching/1992/Baeza-Yates, Gonnet - 1992 - A new approach to text searching.pdf:pdf},
journal = {Communications of the ACM},
keywords = {data compression,lista\_filtrada},
mendeley-tags = {data compression,lista\_filtrada},
number = {10},
pages = {74----82},
title = {{A new approach to text searching}},
url = {http://portal.acm.org/citation.cfm?id=135243\&dl=},
volume = {35},
year = {1992}
}
@article{baeza1999faster,
annote = {Presenta un algoritmo on-line para el problema de Approximate String Matching.},
author = {Baeza-Yates and {G. Navarro}, R.},
file = {:C$\backslash$:/Users/aeurielesn/Documents/docs/mendeley/library/Baeza-Yates, Navarro/Faster approximate string matching/1999/Baeza-Yates, Navarro - 1999 - Faster approximate string matching.pdf:pdf},
issn = {0178-4617},
journal = {Algorithmica},
keywords = {lista\_filtrada,online,string matching},
mendeley-tags = {lista\_filtrada,online,string matching},
number = {2},
pages = {127--158},
publisher = {Springer},
title = {{Faster approximate string matching}},
url = {http://www.springerlink.com/index/YUEJWCFF7YGFKJAY.pdf},
volume = {23},
year = {1999}
}
@inproceedings{barcaccia1998pattern,
annote = {Presenta un algoritmo para b\'{u}squedas en texto comprimido usando la heuristica ID.},
author = {Barcaccia, P. and Cresti, A. and {De Agostino}, S.},
booktitle = {Data Compression Conference, 1998. DCC'98. Proceedings},
isbn = {0818684062},
issn = {1068-0314},
pages = {113--118},
publisher = {IEEE},
title = {{Pattern matching in text compressed with the ID heuristic}},
url = {http://ieeexplore.ieee.org/xpls/abs\_all.jsp?arnumber=672137},
year = {1998}
}
@article{barnsley43fractal,
annote = {Estudio de las t\'{e}cnicas y estado de la compresi\'{o}n de imagenes fractales.},
author = {Barnsley, M.F.},
file = {:C$\backslash$:/Users/aeurielesn/Documents/docs/mendeley/library/Barnsley/Fractal image compression/Unknown/Barnsley - Unknown - Fractal image compression.pdf:pdf},
journal = {Notices of the AMS},
keywords = {compression,fractal,image,lista\_filtrada},
mendeley-tags = {compression,fractal,image,lista\_filtrada},
number = {6},
title = {{Fractal image compression}},
url = {http://www1.ams.org/notices/199606/barnsley.pdf},
volume = {43}
}
@inproceedings{bell2002searching,
annote = {Estudio de un algoritmo basado en el algoritmo Boyer-Moore (1977) para el problema de Compressed Pattern Matching. \'{U}til, aprovechamiento de la transformada de Burrows-Wheeler.},
author = {Bell, T. and Powell, M. and Mukherjee, A. and Adjeroh, D.},
booktitle = {Data Compression Conference, 2002. Proceedings. DCC 2002},
file = {:C$\backslash$:/Users/aeurielesn/Documents/docs/mendeley/library/Bell et al./Searching BWT compressed text with the Boyer-Moore algorithm and binary search/2002/Bell et al. - 2002 - Searching BWT compressed text with the Boyer-Moore algorithm and binary search.pdf:pdf},
isbn = {0769514774},
issn = {1068-0314},
keywords = {bibliografia\_anotada,lista\_filtrada},
mendeley-tags = {bibliografia\_anotada,lista\_filtrada},
pages = {112--121},
publisher = {IEEE},
title = {{Searching BWT compressed text with the Boyer-Moore algorithm and binary search}},
url = {http://ieeexplore.ieee.org/xpls/abs\_all.jsp?arnumber=999949},
year = {2002}
}
@book{bell1990text,
annote = {Libro acerca de la compresi\'{o}n de informaci\'{o}n.},
author = {Bell, T.C. and Cleary, J.G. and Witten, I.H.},
isbn = {0139119914},
publisher = {Prentice-Hall, Inc. Upper Saddle River, NJ, USA},
title = {{Text compression}},
url = {http://portal.acm.org/citation.cfm?id=77753},
year = {1990}
}
@article{bell1993data,
annote = {Propone m\'{e}todos de compresi\'{o}n con resultados experimentales para todos los sistemas de textos est\'{a}ticos tales como bases de datos.},
author = {Bell, T.C. and Moffat, A. and Nevill-Manning, C.G. and Witten, I.H. and Zobel, J.},
issn = {1097-4571},
journal = {Journal of the American Society for Information Science},
number = {9},
pages = {508--531},
publisher = {John Wiley \& Sons},
title = {{Data compression in full-text retrieval systems}},
url = {http://www3.interscience.wiley.com/journal/10049905/abstract},
volume = {44},
year = {1993}
}
@article{bentley1986locally,
annote = {Propone un esquema de compresi\'{o}n basado en una heur\'{\i}stica sencilla para self-organizing sequential search y una codificaci\'{o}n de longitud variables de enteros.},
author = {Bentley, J.L. and Sleator, D.D. and Tarjan, R.E. and Wei, V.K.},
issn = {0001-0782},
journal = {Communications of the ACM},
number = {4},
pages = {320--330},
publisher = {ACM},
title = {{A locally adaptive data compression scheme}},
url = {http://portal.acm.org/citation.cfm?id=5688},
volume = {29},
year = {1986}
}
@inproceedings{berman1997complexity,
annote = {Propone algoritmos eficientes para problemas relacionados con verificaci\'{o}n aleatoria para una ocurrecnia de un patr\'{o}n dado.},
author = {Berman, P. and Karpinski, M. and Larmore, L. and Plandowski, W. and Rytter, W.},
booktitle = {Combinatorial Pattern Matching},
pages = {40--51},
publisher = {Springer},
title = {{On the complexity of pattern matching for highly compressed two-dimensional texts}},
url = {http://www.springerlink.com/index/V9GU220605RG3822.pdf},
year = {1997}
}
@article{boyer1977fast,
author = {Boyer, R S and Moore, J S},
issn = {0001-0782},
journal = {Communications of the ACM},
number = {10},
pages = {762--772},
publisher = {ACM},
title = {{A fast string searching algorithm}},
volume = {20},
year = {1977}
}
@article{brisaboa2011compressed,
annote = {Estudio de t\'{e}cnicas para el almacenamiento de String Dictionaries en forma comprimida salvando aproximadamente un 20\% de espacio. \'{U}til, revisar las t\'{e}cnicas usadas para la b\'{u}squedas en \'{\i}ndices comprimidos y las t\'{e}cnicas anteriores presentadas.},
author = {Brisaboa, N.R. and C\'{a}novas, R. and Mart$\backslash$'$\backslash$inez-Prieto, M.A. and Navarro, G.},
file = {:C$\backslash$:/Users/aeurielesn/Documents/docs/mendeley/library/Brisaboa et al./Compressed String Dictionaries/2011/Brisaboa et al. - 2011 - Compressed String Dictionaries.5506v1:5506v1},
journal = {Arxiv preprint arXiv:1101.5506},
keywords = {dictionaries,lista\_filtrada},
mendeley-tags = {dictionaries,lista\_filtrada},
title = {{Compressed String Dictionaries}},
url = {http://arxiv.org/abs/1101.5506},
year = {2011}
}
@article{Brisaboa2007,
annote = {Propuesta de un algoritmo basado en End-Tagged Dense Codes para la b\'{u}squeda en texto comprimido. \'{U}til, mejora el trabajo de Moura (2000).},
author = {Brisaboa, NR and Fari\~{n}a, A},
file = {:C$\backslash$:/Users/aeurielesn/Documents/docs/mendeley/library/Brisaboa, Fari\~{n}a/Lightweight natural language text compression/2007/Brisaboa, Fari\~{n}a - 2007 - Lightweight natural language text compression.pdf:pdf},
journal = {Information Retrieval},
keywords = {bibliografia\_anotada,data compression,lista\_filtrada,searching},
mendeley-tags = {bibliografia\_anotada,data compression,lista\_filtrada,searching},
title = {{Lightweight natural language text compression}},
url = {http://www.springerlink.com/index/F2019344P476R022.pdf},
year = {2007}
}
@misc{burrows1994block,
annote = {Algoritmo de Burrows-Wheeler para compresi\'{o}n de informaci\'{o}n.},
author = {Burrows, M. and Wheeler, D.J.},
file = {:C$\backslash$:/Users/aeurielesn/Documents/docs/mendeley/library/Burrows, Wheeler/A block-sorting lossless data compression algorithm/1994/Burrows, Wheeler - 1994 - A block-sorting lossless data compression algorithm.pdf:pdf},
institution = {DEC Systems Research Center},
keywords = {bibliografia\_anotada,data compression,lista\_filtrada,lossless},
mendeley-tags = {bibliografia\_anotada,data compression,lista\_filtrada,lossless},
publisher = {Citeseer},
title = {{A block-sorting lossless data compression algorithm}},
url = {http://citeseerx.ist.psu.edu/viewdoc/summary?doi=10.1.1.141.5254},
year = {1994}
}
@inproceedings{chen2004compressed,
annote = {Presenta un algoritmo basado en Boyer-Moore para el problema de Compressed Pattern Matching en secuencias de ADN. Propone un esquema de compresi\'{o}n de secuencias DNA con un \'{\i}ndice de 75\% de compresi\'{o}n.},
author = {Chen, L. and Lu, S. and Ram, J.},
booktitle = {CSB '04 Proceedings of the 2004 IEEE Computational Systems Bioinformatics Conference},
file = {:C$\backslash$:/Users/aeurielesn/Documents/docs/mendeley/library/Chen, Lu, Ram/Compressed pattern matching in DNA sequences/2004/Chen, Lu, Ram - 2004 - Compressed pattern matching in DNA sequences.pdf:pdf},
keywords = {bibliografia\_anotada,boyer-moore,dna,lista\_filtrada,pattern matching,searching},
mendeley-tags = {bibliografia\_anotada,boyer-moore,dna,lista\_filtrada,pattern matching,searching},
publisher = {IEEE Computer Society},
title = {{Compressed pattern matching in DNA sequences}},
url = {http://www.computer.org/portal/web/csdl/doi/10.1109/CSB.2004.1332418},
year = {2004}
}
@inproceedings{chi1992color,
annote = {Propone una soluci\'{o}n \'{o}ptima sequencial para el problema de Color Set Size con aplicaciones para el problema de String Matching. Muestra una soluci\'{o}n en tiempo lineal usando el algoritmo propuesto para el problema de encontrar la subcadena m\'{a}s larga com\'{u}n a por lo menos k-cadenas de m-cadenas dadas.},
author = {Chi, L. and Hui, K.},
booktitle = {Combinatorial Pattern Matching},
pages = {230--243},
publisher = {Springer},
title = {{Color set size problem with applications to string matching}},
url = {http://www.springerlink.com/index/y565487707522555.pdf},
year = {1992}
}
@inproceedings{choueka1988compression,
annote = {Presenta un esquema de compresi\'{o}n para almacenamiento de concordancias para sistemas de recuperaci\'{o}n de informaci\'{o}n.},
author = {Choueka, Y. and Fraenkel, A.S. and Klein, S.T.},
booktitle = {Proceedings of the 11th annual international ACM SIGIR conference on Research and development in information retrieval},
file = {:C$\backslash$:/Users/aeurielesn/Documents/docs/mendeley/library/Choueka, Fraenkel, Klein/Compression of concordances in full-text retrieval systems/1988/Choueka, Fraenkel, Klein - 1988 - Compression of concordances in full-text retrieval systems.pdf:pdf},
isbn = {2706103094},
keywords = {data compression,lista\_filtrada},
mendeley-tags = {data compression,lista\_filtrada},
pages = {597--612},
publisher = {ACM},
title = {{Compression of concordances in full-text retrieval systems}},
url = {http://portal.acm.org/citation.cfm?id=62500},
year = {1988}
}
@article{crochemore1994speeding,
annote = {Propone m\'{e}todos para mejorar los tiempos de algoritmos de String Matching como Boyer-Moore y el algoritmo RF. Demuestra t\'{e}cnicas para transformaci\'{o}n de algoritmos y estructuras interesantes para representaci\'{o}n de las subcadenas.},
author = {Crochemore, M. and Czumaj, A. and Gasieniec, L. and Jarominek, S. and Lecroq, T. and Plandowski, W. and Rytter, W.},
issn = {0178-4617},
journal = {Algorithmica},
keywords = {boyer-moore,lista\_filtrada,rf},
mendeley-tags = {boyer-moore,lista\_filtrada,rf},
number = {4},
pages = {247--267},
publisher = {Springer},
title = {{Speeding up two string-matching algorithms}},
url = {http://www.springerlink.com/index/p783wl7323874635.pdf},
volume = {12},
year = {1994}
}
@article{crochemore1999text,
annote = {Estudio de algoritmos basados en Antidictionaries para compresi\'{o}n de texto. \'{U}til, genera c\'{o}digo que puede ser usado para el problema de Compressed Searching y el compresor puede ser paralelizable.},
author = {Crochemore, M. and Mignosi, F. and Restivo, A. and Salemi, S.},
file = {:C$\backslash$:/Users/aeurielesn/Documents/docs/mendeley/library/Crochemore et al./Text compression using antidictionaries/1999/Crochemore et al. - 1999 - Text compression using antidictionaries.pdf:pdf},
journal = {Automata, Languages and Programming},
keywords = {antidictionary,bibliografia\_anotada,compressed text,lista\_filtrada,searching},
mendeley-tags = {antidictionary,bibliografia\_anotada,compressed text,lista\_filtrada,searching},
pages = {702--702},
publisher = {Springer},
title = {{Text compression using antidictionaries}},
url = {http://www.springerlink.com/index/74QA16QU6T0KD9TN.pdf},
year = {1999}
}
@book{crochemore2003jewels,
annote = {Libro que presenta muchos de los algoritmos m\'{a}s usados de una manera sencilla, separando la estructura algoritmica del fondo combinatorio te\'{o}rico.},
author = {Crochemore, M. and Rytter, W.},
isbn = {9810248970},
publisher = {World Scientific Pub Co Inc},
title = {{Jewels of stringology: text algorithms}},
url = {http://books.google.com/books?hl=en\&lr=\&id=9NdohJXtIyYC\&oi=fnd\&pg=PR5\&dq=jewel+of+stringology\&ots=lm380vK-C9\&sig=vAHh0jwjC0FKW2vzaFaaDurGlSs},
year = {2003}
}
@book{crochemore1994text,
annote = {Libro enfocada en los conceptos te\'{o}ricos y aplicaciones pr\'{a}cticas de algoritmos y estructuras para el procesamiento de texto.},
author = {Crochemore, M. and Rytter, W.},
publisher = {Oxford University Press, USA},
title = {{Text algorithms}},
url = {http://scholar.google.com/scholar?hl=en\&q=text+algorithms\&btnG=Search\&as\_sdt=1,5\&as\_ylo=\&as\_vis=0\#0},
year = {1994}
}
@article{crochemore1991efficient,
annote = {Propone un algoritmo para verificaci\'{o}n square-freeness de cadenas en tiempo logaritmico contando con n-procesadores de CRCW PRAM.},
author = {Crochemore, M. and Rytter, W.},
issn = {0020-0190},
journal = {Information Processing Letters},
number = {2},
pages = {57--60},
publisher = {Elsevier},
title = {{Efficient parallel algorithms to test square-freeness and factorize strings}},
url = {http://linkinghub.elsevier.com/retrieve/pii/0020019091902235},
volume = {38},
year = {1991}
}
@article{culik1993image,
annote = {Propone un automata finito con pesos como herramienta para definir funciones reales especialmente funciones de grises para imagenes en tonos grises. Adem\'{a}s propone un algoritmo que convierte una imagen en tonos grises en WFA.},
author = {Culik, II and Others},
issn = {0097-8493},
journal = {Computers \& Graphics},
keywords = {image compression,wfa},
mendeley-tags = {image compression,wfa},
number = {3},
pages = {305--313},
publisher = {Elsevier},
title = {{Image compression using weighted finite automata}},
url = {http://linkinghub.elsevier.com/retrieve/pii/009784939390079O},
volume = {17},
year = {1993}
}
@article{culik1994finite,
annote = {Introduce una nueva aplicaci\'{o}n para automatas finitos para computaci\'{o}n de funciones reales.},
author = {Culik, K. and Karhum$\backslash$$\backslash$"aki, J.},
journal = {SIAM Journal on Computing},
keywords = {dfa},
mendeley-tags = {dfa},
pages = {789},
title = {{Finite automata computing real functions}},
url = {http://link.aip.org/link/?SMJCAT/23/789/1},
volume = {23},
year = {1994}
}
@misc{culik1995fractal,
annote = {Libro presenta teor\'{\i}a y aplicaciones de nuevos m\'{e}todos de compresi\'{o}n de imagenes basadas en transformacion propias de la imagen que tienden a una estructura fractal siendo muy similares en algunos m\'{e}todos de generaci\'{o}n de fractales conocidas.},
author = {Culik, K. and Kari, J.},
keywords = {fractal,image compression},
mendeley-tags = {fractal,image compression},
publisher = {Springer Verlag},
title = {{Fractal image compression: theory and applications}},
url = {http://scholar.google.com/scholar?hl=en\&q="fractal+image+compression:+theory+and+applications"\&btnG=Search\&as\_sdt=1,5\&as\_ylo=\&as\_vis=0\#0},
year = {1995}
}
@article{de1994p,
annote = {Estudia la complejidad computacional paralela para algunos m\'{e}todos de compresi\'{o}n basados en substituci\'{o}n textual. Demuestra que LZ y otras variaciones son P-completo.},
author = {{De Agostino}, S.},
issn = {0304-3975},
journal = {Theoretical computer science},
keywords = {data compression,lz},
mendeley-tags = {data compression,lz},
number = {1},
pages = {181--186},
publisher = {Elsevier},
title = {{P-complete problems in data compression}},
url = {http://linkinghub.elsevier.com/retrieve/pii/0304397594901066},
volume = {127},
year = {1994}
}
@article{de2001parallelism,
annote = {Estudia algoritmos de compresi\'{o}n sin p\'{e}rdidad de informaci\'{o}n basados en diccionarios. Presenta el estado del arte en el campo de algoritmos en paralelo.},
author = {{De Agostino}, S.},
issn = {0020-0255},
journal = {Information Sciences},
keywords = {dictionaries,lossless,lz,parallel},
mendeley-tags = {dictionaries,lossless,lz,parallel},
number = {1-2},
pages = {43--56},
publisher = {Elsevier},
title = {{Parallelism and dictionary based data compression}},
url = {http://linkinghub.elsevier.com/retrieve/pii/S0020025501001001},
volume = {135},
year = {2001}
}
@inproceedings{de1992parallel,
annote = {Estudio de algoritmos en paralelo para compresi\'{o}n de informaci\'{o}n sin p\'{e}rdidad de informaci\'{o}n usando substituci\'{o}n textual.},
author = {{De Agostino}, S. and Storer, J.A.},
booktitle = {Data Compression Conference, 1992. DCC'92.},
isbn = {0818627174},
keywords = {data compression,dictionaries,lossless},
mendeley-tags = {data compression,dictionaries,lossless},
pages = {52--61},
publisher = {IEEE},
title = {{Parallel algorithms for optimal compression using dictionaries with the prefix property}},
url = {http://ieeexplore.ieee.org/xpls/abs\_all.jsp?arnumber=227476},
year = {1992}
}
@inproceedings{DeMoura1998,
annote = {Presenta un algoritmo basado en compresi\'{o}n con el m\'{e}todo Byte-Oriented Word-Based Huffman Coding para el problema de Exact Compressed Pattern Matching y Approximate Compressed Pattern Matching.},
author = {{De Moura}, E. S. and Navarro, G and Ziviani, N and Baeza-Yates, R},
booktitle = {String Processing and Information Retrieval: A South American Symposium, 1998. Proceedings},
file = {:C$\backslash$:/Users/aeurielesn/Documents/docs/mendeley/library/De Moura et al./Direct pattern matching on compressed text/1998/De Moura et al. - 1998 - Direct pattern matching on compressed text.pdf:pdf},
isbn = {VO -},
keywords = {English texts,Huffman codes,Huffman coding,agrep,approximate search,bibliografia\_anotada,coding alphabet,compressed pattern,compressed text,compression ratio,compression scheme,data compression,decompression technique,direct pattern matching,exact search,fast compression,huffman code,lista\_filtrada,natural language texts,natural languages,pattern matching,search problems,semi static word based modeling,sequential pattern matching algorithm,string matching,uncompressed version,word processing},
mendeley-tags = {bibliografia\_anotada,huffman code,lista\_filtrada},
pages = {90--95},
title = {{Direct pattern matching on compressed text}},
year = {1998}
}
@inproceedings{de1997indexing,
annote = {Presenta una t\'{e}cnica para generaci\'{o}n de Suffix Arrays a partir de texto comprimido. Mejora los tiempos de b\'{u}squeda y el tama\~{n}o total del \'{\i}ndice, asi como del texto mismo.},
author = {{De Moura}, E.S. and Navarro, G. and Ziviani, N.},
booktitle = {Proceedings of the 4th South American Workshop on String Processing},
file = {:C$\backslash$:/Users/aeurielesn/Documents/docs/mendeley/library/De Moura, Navarro, Ziviani/Indexing compressed text/1997/De Moura, Navarro, Ziviani - 1997 - Indexing compressed text.pdf:pdf},
keywords = {compressed text,indexing,lista\_filtrada,searching,suffix array},
mendeley-tags = {compressed text,indexing,lista\_filtrada,searching,suffix array},
publisher = {Citeseer},
title = {{Indexing compressed text}},
url = {http://citeseerx.ist.psu.edu/viewdoc/summary?doi=10.1.1.21.472},
year = {1997}
}
@inproceedings{de1998fast,
annote = {Presenta una t\'{e}cnica basada en Byte-Oriented Word-Based Huffman Encoding que permite b\'{u}squedas aproximadas directamente en texto comprimido. Velocidad casi comparable con Compress.},
author = {{De Moura}, E.S. and Navarro, G. and Ziviani, N. and Baeza-Yates, R.},
booktitle = {Proceedings of the 21st annual international ACM SIGIR conference on Research and development in information retrieval},
file = {:C$\backslash$:/Users/aeurielesn/Documents/docs/mendeley/library/De Moura et al./Fast searching on compressed text allowing errors/1998/De Moura et al. - 1998 - Fast searching on compressed text allowing errors.pdf:pdf},
isbn = {1581130155},
keywords = {approximate,bibliografia\_anotada,compressed text,huffman code,lista\_filtrada,searching},
mendeley-tags = {approximate,bibliografia\_anotada,compressed text,huffman code,lista\_filtrada,searching},
pages = {298--306},
publisher = {ACM},
title = {{Fast searching on compressed text allowing errors}},
url = {http://portal.acm.org/citation.cfm?id=290941.291013\&type=series},
year = {1998}
}
@article{derencourt1994continuous,
annote = {Sin fuente.},
author = {Derencourt, D. and Karhumaki, J. and Letteux, M. and Terlutte, A.},
journal = {RAIRO Theor. Inform. Appl},
keywords = {no-source},
mendeley-tags = {no-source},
pages = {387--404},
title = {{On continuous functions computed by real functions}},
url = {http://scholar.google.com/scholar?hl=en\&q="on+continuous+functions+computed+by+real+functions"\&btnG=Search\&as\_sdt=1,5\&as\_ylo=\&as\_vis=0\#0},
volume = {28},
year = {1994}
}
@article{eilam1988matching,
annote = {Propone un algoritmo para el problema Compressed Pattern Matching usando RLE.},
author = {Eilam-Tzoreff, T. and Vishkin, U.},
issn = {0304-3975},
journal = {Theoretical Computer Science},
keywords = {lista\_filtrada,pattern matching,rle},
mendeley-tags = {lista\_filtrada,pattern matching,rle},
number = {3},
pages = {231--254},
publisher = {Elsevier},
title = {{Matching patterns in strings subject to multi-linear transformations}},
url = {http://cat.inist.fr/?aModele=afficheN\&cpsidt=7256050},
volume = {60},
year = {1988}
}
@book{Eilenberg1974,
annote = {Libro acerca de automatas, lenguajes y maquinas.},
author = {Eilenberg, Samuel},
isbn = {0122340019},
pages = {451},
publisher = {Academic Press},
title = {{Automata, languages, and machines, Volume 59A (Pure and Applied Mathematics)}},
url = {http://www.amazon.com/Automata-languages-machines-Applied-Mathematics/dp/0122340019},
year = {1974}
}
@article{elias1975universal,
annote = {Presenta conjuntos universales de c\'{o}digos y representaciones para enteros.},
author = {Elias, P.},
issn = {0018-9448},
journal = {Information Theory, IEEE Transactions on},
number = {2},
pages = {194--203},
publisher = {IEEE},
title = {{Universal codeword sets and representations of the integers}},
url = {http://ieeexplore.ieee.org/xpls/abs\_all.jsp?arnumber=1055349},
volume = {21},
year = {1975}
}
@inproceedings{farach1995optimal,
annote = {Presenta algoritmos \'{o}ptimos para el problema de b\'{u}squedas en diccionarios y String Matching.},
author = {Farach, M. and Muthukrishnan, S.},
booktitle = {Proceedings of the seventh annual ACM symposium on Parallel algorithms and architectures},
file = {:C$\backslash$:/Users/aeurielesn/Documents/docs/mendeley/library/Farach, Muthukrishnan/Optimal parallel dictionary matching and compression (extended abstract)/1995/Farach, Muthukrishnan - 1995 - Optimal parallel dictionary matching and compression (extended abst.pdf:pdf},
isbn = {0897917170},
keywords = {lista\_filtrada},
mendeley-tags = {lista\_filtrada},
pages = {244--253},
publisher = {ACM},
title = {{Optimal parallel dictionary matching and compression (extended abstract)}},
url = {http://portal.acm.org/citation.cfm?id=215451},
year = {1995}
}
@article{farach1998string,
annote = {Presenta un algoritmo no-trivial para el problema de Compressed Matching para la compresi\'{o}n LZ77, que es conocido por alcanzas mejores \'{\i}ndices de compresi\'{o}n.},
author = {Farach, M. and Thorup, M.},
file = {:C$\backslash$:/Users/aeurielesn/Documents/docs/mendeley/library/Farach, Thorup/String Matching in Lempel-Ziv Compressed Strings/1998/Farach, Thorup - 1998 - String Matching in Lempel-Ziv Compressed Strings.pdf:pdf},
issn = {0178-4617},
journal = {Algorithmica},
keywords = {bibliografia\_anotada,lista\_filtrada,lz77},
mendeley-tags = {bibliografia\_anotada,lista\_filtrada,lz77},
number = {4},
pages = {388--404},
publisher = {Springer},
title = {{String Matching in Lempel-Ziv Compressed Strings}},
url = {http://www.springerlink.com/index/V30UKNE24KQKRR82.pdf},
volume = {20},
year = {1998}
}
@article{Farina,
annote = {Una mejora para el algoritmo de End-Tagged Dense Codes.},
author = {Farina, A and Ladra, S and Param\'{a}, JR},
file = {:C$\backslash$:/Users/aeurielesn/Documents/docs/mendeley/library/Fari\~{n}a, Ladra, Param\'{a}/Mejorando la b\'{u}squeda directa en texto comprimido/Unknown/Fari\~{n}a, Ladra, Param\'{a} - Unknown - Mejorando la b\'{u}squeda directa en texto comprimido.pdf:pdf},
journal = {ir.ii.uam.es},
keywords = {data compression,lista\_filtrada,searching},
mendeley-tags = {data compression,lista\_filtrada,searching},
title = {{Mejorando la b\'{u}squeda directa en texto comprimido}},
url = {http://ir.ii.uam.es/ceri2010/papers/ceri2010-fari�a.pdf}
}
@article{ferragina2007compressed,
annote = {Uses Wavelet Tree.},
author = {Ferragina, P. and Manzini, G. and M$\backslash$$\backslash$"akinen, V. and Navarro, G.},
file = {::},
issn = {1549-6325},
journal = {ACM Transactions on Algorithms (TALG)},
number = {2},
pages = {20--es},
publisher = {ACM},
title = {{Compressed representations of sequences and full-text indexes}},
url = {http://portal.acm.org/citation.cfm?id=1240243},
volume = {3},
year = {2007}
}
@article{ferragina2005indexing,
annote = {Presenta dos algoritmos para el problema la indexaci\'{o}n de texto comprimido. \'{U}til, uso de la transformada de Burrows-Wheeler, LZ78 y Compressed Suffix Array.},
author = {Ferragina, Paolo and Manzini, Giovanni},
file = {:C$\backslash$:/Users/aeurielesn/Documents/docs/mendeley/library/Ferragina, Manzini/Indexing compressed text/2005/Ferragina, Manzini - 2005 - Indexing compressed text.pdf:pdf},
issn = {0004-5411},
journal = {Journal of the ACM (JACM)},
keywords = {burrows-wheeler,lista\_filtrada,lz78},
mendeley-tags = {burrows-wheeler,lista\_filtrada,lz78},
number = {4},
pages = {552--581},
publisher = {ACM},
title = {{Indexing compressed text}},
url = {http://portal.acm.org/citation.cfm?id=1082039},
volume = {52},
year = {2005}
}
@article{fiala1989data,
annote = {Presenta an\'{a}lisis para modelos de compresi\'{o}n adaptativos. Incluye un algoritmo y resultados de \'{e}ste.},
author = {Fiala, E.R. and Greene, D.H.},
file = {:C$\backslash$:/Users/aeurielesn/Documents/docs/mendeley/library/Fiala, Greene/Data compression with finite windows/1989/Fiala, Greene - 1989 - Data compression with finite windows.pdf:pdf},
issn = {0001-0782},
journal = {Communications of the ACM},
keywords = {lista\_filtrada},
mendeley-tags = {lista\_filtrada},
number = {4},
pages = {490--505},
publisher = {ACM},
title = {{Data compression with finite windows}},
url = {http://portal.acm.org/citation.cfm?id=63341},
volume = {32},
year = {1989}
}
@article{gage1994new,
annote = {Algoritmo de compresi\'{o}n Byte-Pair Encoding (BPE).},
author = {Gage, P.},
issn = {0898-9788},
journal = {The C Users Journal},
keywords = {bpe,no-source},
mendeley-tags = {bpe,no-source},
number = {2},
pages = {23--38},
publisher = {R \& D Publications, Inc.},
title = {{A new algorithm for data compression}},
url = {http://portal.acm.org/citation.cfm?id=177914},
volume = {12},
year = {1994}
}
@book{garey1979computers,
annote = {Libro buscan ense\~{n}ar c\'{o}mo identificar, tratar y entender algoritmos NP-completos.},
author = {Garey, M.R. and Johnson, D.S.},
isbn = {0716710447},
keywords = {np-complete},
mendeley-tags = {np-complete},
publisher = {WH Freeman \& Co. New York, NY, USA},
title = {{Computers and Intractability: A Guide to the Theory of NP-completeness}},
url = {http://portal.acm.org/citation.cfm?id=578533},
year = {1979}
}
@inproceedings{gasieniec1999efficiency,
annote = {Considera la eficiencia de algoritmos NC para b\'{u}squedas de patrones en textos uni-dimensionales y bi-dimensionales altamente comprimidos. Muestra c\'{o}mo mejorar una soluci\'{o}n trivial y obtener resultados casi \'{o}ptimos en paralelo para compresi\'{o}n con LZ.},
author = {Gasieniec, L. and Gibbons, A. and Rytter, W.},
booktitle = {Proceedings of the 24th International Symposium on Mathematical Foundations of Computer Science},
isbn = {3540664084},
keywords = {rlz},
mendeley-tags = {rlz},
pages = {48--58},
publisher = {Springer-Verlag},
title = {{Efficiency of fast parallel pattern searching in highly compressed texts}},
url = {http://portal.acm.org/citation.cfm?id=667693},
year = {1999}
}
@article{gasieniec1996efficient,
annote = {Propone un algoritmo para el problema de Compressed Pattern Matching para el modelo LZ77.},
author = {Gasieniec, L. and Karpinski, M. and Plandowski, W. and Rytter, W.},
journal = {Algorithm Theory},
keywords = {lista\_filtrada,lz77,pattern matching},
mendeley-tags = {lista\_filtrada,lz77,pattern matching},
pages = {392--403},
publisher = {Springer},
title = {{Efficient algorithms for Lempel-Ziv encoding}},
url = {http://www.springerlink.com/index/p1m2565818785149.pdf},
year = {1996}
}
@inproceedings{gasieniec1996randomized,
annote = {Muestra mejoras para algoritmos en cadenas compresas usando randomizaci\'{o}n demostrando que mejora considerablemente los algoritmos deterministicos.},
author = {Gasieniec, L. and Karpinski, M. and Plandowski, W. and Rytter, W.},
booktitle = {Combinatorial Pattern Matching},
pages = {39--49},
publisher = {Springer},
title = {{Randomized efficient algorithms for compressed strings: The finger-print approach}},
url = {http://www.springerlink.com/index/y0923213m1552660.pdf},
year = {1996}
}
@inproceedings{gasieniec2002almost,
annote = {Presenta el primer algoritmo casi \'{o}ptimos para el problema de String Matching para textos compresos usando LZW. Las t\'{e}cnicas usadas pueden ser empleadas en otros diversos tipos de problemas.},
author = {Gasieniec, L. and Rytter, W.},
booktitle = {Data Compression Conference, 1999. Proceedings. DCC'99},
keywords = {lzw,pattern matching,searching},
mendeley-tags = {lzw,pattern matching,searching},
pages = {316--325},
publisher = {IEEE},
title = {{Almost-optimal fully LZW-compressed pattern matching}},
url = {http://ieeexplore.ieee.org/xpls/abs\_all.jsp?arnumber=755681},
year = {2002}
}
@book{gibbons1989efficient,
annote = {Introducci\'{o}n al campo de los algoritmos en paralelo eficientes y a t\'{e}cnicas para paralelizaci\'{o}n eficiente en lenguajes de alto nivel dentro de un contexto abstracto. Se concentra en la esencia algoritmica.},
author = {Gibbons, A. and Rytter, W.},
isbn = {0521388414},
keywords = {parallelisation},
mendeley-tags = {parallelisation},
publisher = {Cambridge Univ Pr},
title = {{Efficient parallel algorithms}},
url = {http://books.google.com/books?hl=en\&lr=\&id=MNHIigv2x4sC\&oi=fnd\&pg=PR7\&dq=efficient+parallel+algorithms\&ots=lI71KASm0l\&sig=HuE2fXXgXbYWfIGtmGjaHG\_ckKI},
year = {1989}
}
@inproceedings{gu1994efficient,
annote = {Presenta un algoritmo para el problema de On-Line Dynamic Text Indexing con una estructura de datos din\'{a}mica basada en border trees.},
author = {Gu, M. and Farach, M. and Beigel, R.},
booktitle = {Proceedings of the fifth annual ACM-SIAM symposium on Discrete algorithms},
file = {:C$\backslash$:/Users/aeurielesn/Documents/docs/mendeley/library/Gu, Farach, Beigel/An efficient algorithm for dynamic text indexing/1994/Gu, Farach, Beigel - 1994 - An efficient algorithm for dynamic text indexing.pdf:pdf},
isbn = {0898713293},
keywords = {border tree,indexing,lista\_filtrada,online indexing},
mendeley-tags = {border tree,indexing,lista\_filtrada,online indexing},
pages = {697--704},
publisher = {Society for Industrial and Applied Mathematics},
title = {{An efficient algorithm for dynamic text indexing}},
url = {http://portal.acm.org/citation.cfm?id=314464.314675},
year = {1994}
}
@article{holub2005fast,
annote = {Una presentaci\'{o}n que presenta variantes para el problema Suffix Automata usando paralelismo de bits.},
author = {Holub, J. and Durian, B.},
file = {:C$\backslash$:/Users/aeurielesn/Documents/docs/mendeley/library/Holub, Durian/Fast variants of bit parallel approach to suffix automata/2005/Holub, Durian - 2005 - Fast variants of bit parallel approach to suffix automata.pdf:pdf},
journal = {URL: http://www. cri. haifa. ac. il/events/2005/string/presentations/Holub. pdf},
keywords = {bit-parallel,suffix automata},
mendeley-tags = {bit-parallel,suffix automata},
title = {{Fast variants of bit parallel approach to suffix automata}},
url = {http://www.cri.haifa.ac.il/events/2005/string/presentations/Holub.pdf},
year = {2005}
}
@inproceedings{hon2010faster,
annote = {Presente una mejora para algoritmo de indice compreso.},
author = {Hon, W.K. and Ku, T.H. and Shah, R. and Thankachan, S. and Vitter, J.},
booktitle = {String Processing and Information Retrieval},
pages = {191--200},
publisher = {Springer},
title = {{Faster compressed dictionary matching}},
url = {http://www.springerlink.com/index/JR078387PK151P14.pdf},
year = {2010}
}
@book{hopcroft1979introduction,
annote = {Introducci\'{o}n a la teor\'{\i}a de la computaci\'{o}n, especialmente a la teor\'{\i}a pertinente a automatas, lenguajes, gramaticas. \'{U}til para la comprensi\'{o}n de algunos algoritmos como KMP y otras variantes para validaci\'{o}n de errores, String Matching, Compresi\'{o}n de Informaci\'{o}n, entre otros.},
author = {Hopcroft, J.E. and Motwani, R. and Ullman, J.D.},
file = {:C$\backslash$:/Users/aeurielesn/Documents/docs/mendeley/library/Hopcroft, Motwani, Ullman/Introduction to automata theory, languages, and computation/1979/Hopcroft, Motwani, Ullman - 1979 - Introduction to automata theory, languages, and computation.pdf:pdf},
keywords = {lista\_filtrada},
mendeley-tags = {lista\_filtrada},
publisher = {Addison-wesley Reading, MA},
title = {{Introduction to automata theory, languages, and computation}},
url = {http://unipa.cblue.org/2008/documents/Grammatiche-Cap5.pdf},
volume = {3},
year = {1979}
}
@article{horspool1980practical,
annote = {Estudio de t\'{e}cnicas para b\'{u}squeda de informaci\'{o}n en cadenas, especialmente el algoritmo Boyer-Moore. Presenta resultados considerando la longitud del patr\'{o}n a buscar entre otros parametros.},
author = {Horspool, R.N.},
file = {:C$\backslash$:/Users/aeurielesn/Documents/docs/mendeley/library/Horspool/Practical fast searching in strings/1980/Horspool - 1980 - Practical fast searching in strings.pdf:pdf},
issn = {1097-024X},
journal = {Software: Practice and Experience},
keywords = {boyer-moore,searching,string searching},
mendeley-tags = {boyer-moore,searching,string searching},
number = {6},
pages = {501--506},
publisher = {Wiley Online Library},
title = {{Practical fast searching in strings}},
url = {http://onlinelibrary.wiley.com/doi/10.1002/spe.4380100608/abstract},
volume = {10},
year = {1980}
}
@article{Huffman1952,
annote = {M\'{e}todo de Huffman para generaci\'{o}n de c\'{o}digos prefijos libres. Extremadamente \'{u}til.},
author = {Huffman, DA},
file = {:C$\backslash$:/Users/aeurielesn/Documents/docs/mendeley/library/Huffman/A method for the construction of minimum-redundancy codes/1952/Huffman - 1952 - A method for the construction of minimum-redundancy codes.pdf:pdf},
journal = {Proceedings of the IRE},
keywords = {bibliografia\_anotada,data compression,huffman code,lista\_filtrada},
mendeley-tags = {bibliografia\_anotada,data compression,huffman code,lista\_filtrada},
title = {{A method for the construction of minimum-redundancy codes}},
url = {http://ieeexplore.ieee.org/xpls/abs\_all.jsp?\&arnumber=4051119},
year = {1952}
}
@article{ibarra1983probabilistic,
annote = {Presenta un estudio de algoritmos probabilisticos para comprobaci\'{o}n de Straight-Line Programs.},
author = {Ibarra, O.H. and Moran, S.},
file = {:C$\backslash$:/Users/aeurielesn/Documents/docs/mendeley/library/Ibarra, Moran/Probabilistic algorithms for deciding equivalence of straight-line programs/1983/Ibarra, Moran - 1983 - Probabilistic algorithms for deciding equivalence of straight-line programs.pdf:pdf},
journal = {J. Assoc. Comput. Mach},
keywords = {probabilistic algorithms,straight-line programs},
mendeley-tags = {probabilistic algorithms,straight-line programs},
number = {1},
pages = {217--228},
publisher = {Citeseer},
title = {{Probabilistic algorithms for deciding equivalence of straight-line programs}},
url = {http://citeseerx.ist.psu.edu/viewdoc/download?doi=10.1.1.129.5387\&rep=rep1\&type=pdf},
volume = {30},
year = {1983}
}
@article{karhum,
annote = {Estudio general de el poder de expresividad de palabras de ecuaciones.},
author = {Karhumaki, J. and Mignosi, F. and Plandowski, W.},
issn = {0004-5411},
journal = {Journal of the ACM (JACM)},
keywords = {word equations},
mendeley-tags = {word equations},
number = {3},
pages = {483--505},
publisher = {ACM},
title = {{The expressibility of languages and relations by word equations}},
url = {http://portal.acm.org/citation.cfm?id=337255},
volume = {47},
year = {2000}
}
@inproceedings{karhum,
annote = {Estudio de soluci\'{o}n de Pattern Matching en una y dos dimensiones. Demuestra que el problema de Compressed Matching usando automatas deterministicos se puede resolver en tiempo polinomial. Para automatas con pesos es NP-completo.},
author = {Karhumaki, J. and Plandowski, W. and Rytter, W.},
booktitle = {Fundamentals of computation theory},
keywords = {dfa,pattern matching,wfa},
mendeley-tags = {dfa,pattern matching,wfa},
pages = {245--256},
publisher = {Springer},
title = {{Pattern-matching problems for 2-dimensional images described by finite automata}},
url = {http://www.springerlink.com/index/568R71X62228P146.pdf},
year = {1997}
}
@inproceedings{karhum,
annote = {Muestra dos aplicaciones de compresi\'{o}n de subsegmentos. Mejora la eficiencia de automatas comprimidos para el problema de Pattern Matching. Propone el primer algoritmo en tiempo polinomial para el problema de verificaci\'{o}n de patrones comprimidos para automatas con pesos.},
author = {Karhumaki, J. and Plandowski, W. and Rytter, W.},
booktitle = {Combinatorial Pattern Matching},
keywords = {pattern matching,wfa},
mendeley-tags = {pattern matching,wfa},
pages = {186--195},
publisher = {Springer},
title = {{The compression of subsegments of images described by finite automata}},
url = {http://www.springerlink.com/index/8HALAR381RD5TY70.pdf},
year = {1999}
}
@article{kari1994arithmetic,
annote = {Introduce una versi\'{o}n mejorada para el paso de compresi\'{o}n de un WFA que se aproxima a la imagen dada en el algoritmo de Karel Culik.},
author = {Kari, J. and Franti, P.},
issn = {0988-3754},
journal = {Informatique th\'{e}orique et applications},
keywords = {arithmetic coding,sparse matrices,wfa},
mendeley-tags = {arithmetic coding,sparse matrices,wfa},
number = {3-4},
pages = {343--360},
publisher = {EDP Sciences},
title = {{Arithmetic coding of weighted finite automata}},
url = {http://cat.inist.fr/?aModele=afficheN\&cpsidt=4174206},
volume = {28},
year = {1994}
}
@article{Karkkainen1996,
annote = {Introducci\'{o}n a \'{A}rboles de sufijos dispersos. \'{U}til.},
author = {Karkkainen, J. and Ukkonen, E.},
journal = {Computing and Combinatorics},
keywords = {sparse suffix tree,suffix tree},
mendeley-tags = {sparse suffix tree,suffix tree},
pages = {219--230},
publisher = {Springer},
title = {{Sparse suffix trees}},
url = {http://www.springerlink.com/index/7Q11171M1H354073.pdf},
year = {1996}
}
@article{karp2010reducibility,
annote = {Estudio de problemas cl\'{a}sicos de programaci\'{o}n lineal pueden ser limitados por algoritmos polinomiales.},
author = {Karp, R.M.},
file = {:C$\backslash$:/Users/aeurielesn/Documents/docs/mendeley/library/Karp/Reducibility among combinatorial problems/2010/Karp - 2010 - Reducibility among combinatorial problems.pdf:pdf},
journal = {50 Years of Integer Programming 1958-2008},
pages = {219--241},
publisher = {Springer},
title = {{Reducibility among combinatorial problems}},
url = {http://www.springerlink.com/index/L45H7011865P0257.pdf},
year = {2010}
}
@article{karp1987efficient,
annote = {Presenta algoritmos aleatorios para resolver el problema de String Matching y algunas sus variantes y generalizaciones.},
author = {Karp, R.M. and Rabin, M.O.},
issn = {0018-8646},
journal = {IBM Journal of Research and Development},
keywords = {pattern matching},
mendeley-tags = {pattern matching},
number = {2},
pages = {249--260},
publisher = {IBM},
title = {{Efficient randomized pattern-matching algorithms}},
url = {http://ieeexplore.ieee.org/xpls/abs\_all.jsp?arnumber=5390135},
volume = {31},
year = {1987}
}
@article{karpinski1997efficient,
annote = {Estudio de la complejidad computacional para el problema de Pattern Matching para cadenas que son definidos en terminos de programas SLP con unicamente operacion de concatenaci\'{o}n.},
author = {Karpinski, M. and Rytter, W. and Shinohara, A.},
journal = {Nordic Journal of Computing},
number = {2},
pages = {172--186},
title = {{An efficient pattern-matching algorithm for strings with short descriptions}},
url = {http://overclocking.googlecode.com/files/karpinski97efficient.pdf},
volume = {4},
year = {1997}
}
@inproceedings{karpinski1995pattern,
annote = {Propone dos herramientas: un lema de periodicidad para la representaci\'{o}n de algunos conjuntos de muchas posiciones exponenciales en terminos de progresiones aritmeticas. Una segunda aplicaci\'{o}n del teorema de euclides.},
author = {Karpinski, M. and Rytter, W. and Shinohara, A.},
booktitle = {Combinatorial Pattern Matching},
pages = {205--214},
publisher = {Springer},
title = {{Pattern-matching for strings with short descriptions}},
url = {http://www.springerlink.com/index/7w22267820021375.pdf},
year = {1995}
}
@inproceedings{kida2002unifying,
annote = {Framework para el problema de Compressed Pattern Matching. Comprende m\'{e}todos como LZ, BPE, basados en dictionarios y Collage. Presenta un algoritmos basado en LZW.},
author = {Kida, T. and Shibata, Y. and Takeda, M. and Shinohara, A. and Arikawa, S.},
booktitle = {String Processing and Information Retrieval Symposium, 1999 and International Workshop on Groupware},
file = {:C$\backslash$:/Users/aeurielesn/Documents/docs/mendeley/library/Kida et al./A unifying framework for compressed pattern matching/2002/Kida et al. - 2002 - A unifying framework for compressed pattern matching.pdf:pdf},
isbn = {0769502687},
keywords = {bibliografia\_anotada,bpe,dictionaries,lista\_filtrada,lz77,lz78,lzss,lzw},
mendeley-tags = {bibliografia\_anotada,bpe,dictionaries,lista\_filtrada,lz77,lz78,lzss,lzw},
pages = {89--96},
publisher = {IEEE},
title = {{A unifying framework for compressed pattern matching}},
url = {http://ieeexplore.ieee.org/xpls/abs\_all.jsp?arnumber=796582},
year = {2002}
}
@inproceedings{kida1999shift,
annote = {Presenta un algoritmo basado en Shift-And para el problema de Compressed Pattern Matching en LZW.},
author = {Kida, T. and Takeda, M. and Shinohara, A. and Arikawa, S.},
booktitle = {Combinatorial Pattern Matching},
file = {:C$\backslash$:/Users/aeurielesn/Documents/docs/mendeley/library/Kida et al./Shift-And approach to pattern matching in LZW compressed text/1999/Kida et al. - 1999 - Shift-And approach to pattern matching in LZW compressed text.pdf:pdf},
keywords = {bibliografia\_anotada,lista\_filtrada,lzw,shift-and},
mendeley-tags = {bibliografia\_anotada,lista\_filtrada,lzw,shift-and},
pages = {1--13},
publisher = {Springer},
title = {{Shift-And approach to pattern matching in LZW compressed text}},
url = {http://www.springerlink.com/index/U039G7XTT8W2GBQ6.pdf},
year = {1999}
}
@inproceedings{kida2002multiple,
annote = {Presenta un algoritmo para busquedas de multiples patrones en texto compresos con LZW.},
author = {Kida, T. and Takeda, M. and Shinohara, A. and Miyazaki, M. and Arikawa, S.},
booktitle = {Data Compression Conference, 1998. DCC'98. Proceedings},
file = {:C$\backslash$:/Users/aeurielesn/Documents/docs/mendeley/library/Kida et al./Multiple pattern matching in LZW compressed text/2002/Kida et al. - 2002 - Multiple pattern matching in LZW compressed text.pdf:pdf},
isbn = {0818684062},
issn = {1068-0314},
keywords = {bibliografia\_anotada,compressed text,lista\_filtrada,lzw,pattern matching},
mendeley-tags = {bibliografia\_anotada,compressed text,lista\_filtrada,lzw,pattern matching},
pages = {103--112},
publisher = {IEEE},
title = {{Multiple pattern matching in LZW compressed text}},
url = {http://ieeexplore.ieee.org/xpls/abs\_all.jsp?arnumber=672136},
year = {2002}
}
@inproceedings{klein2002new,
annote = {Variaci\'{o}n del algoritmo LZSS para hacerlo ameno a b\'{u}squedas en texto comprimido. No tiene muy buen \'{\i}ndice de compresi\'{o}n. \'{U}til, realiza una \'{u}nica compresi\'{o}n.},
author = {Klein, S.T. and Shapira, D.},
booktitle = {Data Compression Conference, 2000. Proceedings. DCC 2000},
file = {:C$\backslash$:/Users/aeurielesn/Documents/docs/mendeley/library/Klein, Shapira/A new compression method for compressed matching/2002/Klein, Shapira - 2002 - A new compression method for compressed matching.pdf:pdf},
isbn = {0769505929},
keywords = {bibliografia\_anotada,lista\_filtrada},
mendeley-tags = {bibliografia\_anotada,lista\_filtrada},
pages = {400--409},
publisher = {IEEE},
title = {{A new compression method for compressed matching}},
url = {http://ieeexplore.ieee.org/xpls/abs\_all.jsp?arnumber=838180},
year = {2002}
}
@book{knuth1981art,
annote = {Trata algoritmos seminumericos que van desde generadores de numeros aleatorios hasta operaciones de punto flotante y optimizaciones para algoritmos aritmeticos.},
author = {Knuth, D.E.},
isbn = {0201038226},
publisher = {Addison-Wesley},
title = {{The art of computer programming: Seminumerical algorithms}},
url = {http://scholar.google.com/scholar?hl=en\&q=seminumerical+algorithms\&btnG=Search\&as\_sdt=1,5\&as\_ylo=\&as\_vis=0\#0},
year = {1981}
}
@article{knuth1977fast,
annote = {Algoritmos de KMP para el problema de Pattern Matching.},
author = {Knuth, D.E. and {Morris Jr}, J.H. and Pratt, V.R.},
file = {:C$\backslash$:/Users/aeurielesn/Documents/docs/mendeley/library/Knuth, Morris Jr, Pratt/Fast pattern matching in strings/1977/Knuth, Morris Jr, Pratt - 1977 - Fast pattern matching in strings.pdf:pdf},
journal = {SIAM Journal on Computing},
keywords = {pattern matching},
mendeley-tags = {pattern matching},
pages = {323},
title = {{Fast pattern matching in strings}},
url = {http://link.aip.org/link/?SMJCAT/6/323/1},
volume = {6},
year = {1977}
}
@inproceedings{kosaraju1995pattern,
annote = {Presenta un algoritmos para el problema de Compressed Pattern Matching basado en el trabajo de Amir y Benson.},
author = {Kosaraju, S.},
booktitle = {Foundations of Software Technology and Theoretical Computer Science},
keywords = {compressed text,lista\_filtrada,lzw,pattern matching},
mendeley-tags = {compressed text,lista\_filtrada,lzw,pattern matching},
pages = {349--362},
publisher = {Springer},
title = {{Pattern matching in compressed texts}},
url = {http://www.springerlink.com/index/y171185333322362.pdf},
year = {1995}
}
@inproceedings{Kulekci2010,
annote = {Estudio de una t\'{e}cnica para almacenamiento de informaci\'{o}n para agilizar la busqueda de patrones. Presenta resultados experimentales en diversos tipos de texto.},
author = {Kulekci, M.O. and Vitter, J.S. and Xu, B.},
booktitle = {Computer and Information Science: Proceedings of the 25th International Symposium on Computer and Information Sciences},
file = {:C$\backslash$:/Users/aeurielesn/Documents/docs/mendeley/library/Kulekci, Vitter, Xu/Boosting Pattern Matching Performance via k-bit Filtering/2010/Kulekci, Vitter, Xu - 2010 - Boosting Pattern Matching Performance via k-bit Filtering.pdf:pdf},
isbn = {9048197937},
keywords = {dna,pattern matching},
mendeley-tags = {dna,pattern matching},
pages = {27},
publisher = {Springer},
title = {{Boosting Pattern Matching Performance via k-bit Filtering}},
url = {http://books.google.com/books?hl=en\&lr=\&id=cfp7WA8JVGoC\&oi=fnd\&pg=PA27\&dq=string+matching+compressed\&ots=su2YrQQuCV\&sig=NLa8huYm01uzDpAfhs\_Vf6cWkdA},
year = {2010}
}
@article{KNUjda02,
annote = {Presenta algoritmo para el problema de Approximate Compressed Pattern Matching aplicable para la familia de algoritmos LZ: LZ78/LZW. \'{U}til, de las primeras aproximaciones al problema de b\'{u}squedas con error. LZW Compressed Pattern Matching Algorithm.},
author = {K\"{a}rkk\"{a}inen, J and Navarro, G and Ukkonen, E},
file = {:C$\backslash$:/Users/aeurielesn/Documents/docs/mendeley/library/K\"{a}rkk\"{a}inen, Navarro, Ukkonen/Approximate String Matching on Ziv-Lempel Compressed Text/2003/K\"{a}rkk\"{a}inen, Navarro, Ukkonen - 2003 - Approximate String Matching on Ziv-Lempel Compressed Text.pdf:pdf},
journal = {Journal of Discrete Algorithms (JDA)},
keywords = {bibliografia\_anotada,lista\_filtrada,lz78,lzw},
mendeley-tags = {bibliografia\_anotada,lista\_filtrada,lz78,lzw},
number = {3/4},
title = {{Approximate String Matching on Ziv-Lempel Compressed Text}},
volume = {1},
year = {2003}
}
@book{larsson1999structures,
annote = {Presenta un estudio de estructuras de informaci\'{o}n usadas en el \'{a}mbito de Stringology para el procesamiento de cadenas buscando ayudar en el problema de compresi\'{o}n sequencial. Posiblemente extremadamente \'{u}til.},
author = {Larsson, N.J.},
file = {:C$\backslash$:/Users/aeurielesn/Documents/docs/mendeley/library/Larsson/Structures of string matching and data compression/1999/Larsson - 1999 - Structures of string matching and data compression.pdf:pdf},
isbn = {9162836854},
keywords = {lista\_filtrada},
mendeley-tags = {lista\_filtrada},
publisher = {Citeseer},
title = {{Structures of string matching and data compression}},
url = {http://citeseerx.ist.psu.edu/viewdoc/download?doi=10.1.1.81.1171\&rep=rep1\&type=pdf},
year = {1999}
}
@article{larsson2002off,
annote = {Presenta un algoritmo basado en t\'{e}cnicas de compresi\'{o}n por diccionarios que hace uso de un acercamiento offline.},
author = {Larsson, N.J. and Moffat, A.},
file = {:C$\backslash$:/Users/aeurielesn/Documents/docs/mendeley/library/Larsson, Moffat/Off-line dictionary-based compression/2002/Larsson, Moffat - 2002 - Off-line dictionary-based compression.pdf:pdf},
issn = {0018-9219},
journal = {Proceedings of the IEEE},
keywords = {dictionaries,lista\_filtrada},
mendeley-tags = {dictionaries,lista\_filtrada},
number = {11},
pages = {1722--1732},
publisher = {IEEE},
title = {{Off-line dictionary-based compression}},
url = {http://ieeexplore.ieee.org/xpls/abs\_all.jsp?arnumber=892708},
volume = {88},
year = {2002}
}
@article{lempel14compression,
annote = {Sin fuente.},
author = {Lempel, A. and Ziv, J.},
journal = {Springer Verlag},
keywords = {no-source},
mendeley-tags = {no-source},
pages = {141--156},
title = {{Compression of two-dimensional images sequences, Combinatorial algorithms on words (ed. A. Apostolico, Z. Galil)}},
url = {http://scholar.google.com/scholar?hl=en\&q="compression+of+two-dimensional+images+sequences"\&btnG=Search\&as\_sdt=1,5\&as\_ylo=\&as\_vis=0\#3},
volume = {14},
year = {1985}
}
@article{lempel2002complexity,
annote = {\'{U}til.},
author = {Lempel, A. and Ziv, J.},
file = {:C$\backslash$:/Users/aeurielesn/Documents/docs/mendeley/library/Lempel, Ziv/On the complexity of finite sequences/2002/Lempel, Ziv - 2002 - On the complexity of finite sequences.pdf:pdf},
issn = {0018-9448},
journal = {Information Theory, IEEE Transactions on},
keywords = {bibliografia\_anotada,lista\_filtrada},
mendeley-tags = {bibliografia\_anotada,lista\_filtrada},
number = {1},
pages = {75--81},
publisher = {IEEE},
title = {{On the complexity of finite sequences}},
url = {http://ieeexplore.ieee.org/xpls/abs\_all.jsp?arnumber=1055501},
volume = {22},
year = {2002}
}
@book{lothaire1997combinatorics,
annote = {Libro dedicado al estudio de las secuencias de s\'{\i}mbolos llamados letras.},
author = {Lothaire, M.},
isbn = {0521599245},
publisher = {Cambridge Univ Pr},
title = {{Combinatorics on words}},
url = {http://books.google.com/books?hl=en\&lr=\&id=UV9\_3plEr8wC\&oi=fnd\&pg=PR11\&dq=combinatorics+on+words\&ots=GuDjeFSZ8v\&sig=jS6CA9aikJ42f1KhyRWnfZe03\_Q},
year = {1997}
}
@article{makanin1977problem,
annote = {Propone un algoritmo para reconocimiento de la solvencia de ecuaciones arbitrarias en semigrupo libre.},
author = {Makanin, G.S.},
journal = {Mathematics of the USSR-Sbornik},
pages = {129},
publisher = {IOP Publishing},
title = {{The problem of solvability of equations in a free semigroup}},
url = {http://iopscience.iop.org/0025-5734/32/2/A01/pdf/MSB\_32\_2\_A01.pdf},
volume = {32},
year = {1977}
}
@article{Manber1997,
annote = {Primer art\'{\i}culo publicado que plantea e intenta solucionar el problema de b\'{u}squedas en texto comprimido.},
author = {Manber, U},
file = {:C$\backslash$:/Users/aeurielesn/Documents/docs/mendeley/library/Manber/A text compression scheme that allows fast searching directly in the compressed file/1997/Manber - 1997 - A text compression scheme that allows fast searching directly in the compressed file.pdf:pdf},
journal = {ACM Transactions on Information Systems (TOIS)},
keywords = {algorithm,bibliografia\_anotada,compressed file,lista\_filtrada,searching},
mendeley-tags = {algorithm,bibliografia\_anotada,compressed file,lista\_filtrada,searching},
title = {{A text compression scheme that allows fast searching directly in the compressed file}},
url = {http://portal.acm.org/citation.cfm?id=248639\&dl=GUIDE,},
year = {1997}
}
@article{Manning,
annote = {Texto de Introduccion a Sistemas de Recuperaci\'{o}n de Informaci\'{o}n.},
author = {Manning, CD},
file = {:C$\backslash$:/Users/aeurielesn/Documents/docs/mendeley/library/Manning/An introduction to information retrieval/Unknown/Manning - Unknown - An introduction to information retrieval.pdf:pdf},
journal = {dspace.cusat.ac.in},
keywords = {data compression,information retrieval,lista\_filtrada,searching},
mendeley-tags = {data compression,information retrieval,lista\_filtrada,searching},
title = {{An introduction to information retrieval}},
url = {http://dspace.cusat.ac.in/dspace/handle/123456789/2538}
}
@article{markey2004ptime,
annote = {Demuestra que el problema de decidir si un una palabra compresa con Straight-Line Program es reconocida con FSA.},
author = {Markey, N. and Schnoebelen, P.},
file = {:C$\backslash$:/Users/aeurielesn/Documents/docs/mendeley/library/Markey, Schnoebelen/A PTIME-complete matching problem for SLP-compressed words/2004/Markey, Schnoebelen - 2004 - A PTIME-complete matching problem for SLP-compressed words.pdf:pdf},
issn = {0020-0190},
journal = {Information Processing Letters},
keywords = {fsa,slp,straight-line programs},
mendeley-tags = {fsa,slp,straight-line programs},
number = {1},
pages = {3--6},
publisher = {Elsevier},
title = {{A PTIME-complete matching problem for SLP-compressed words}},
url = {http://linkinghub.elsevier.com/retrieve/pii/S002001900400002X},
volume = {90},
year = {2004}
}
@inproceedings{matsumoto2002bit,
annote = {Art\'{\i}culo que muesta una aproximaci\'{o}n usando bit-parallel para resolver el problema de Collage Compressed Approximate Pattern Matching Algorithm.},
author = {Matsumoto, T. and Kida, T. and Takeda, M. and Shinohara, A. and Arikawa, S.},
booktitle = {String Processing and Information Retrieval, 2000. SPIRE 2000. Proceedings. Seventh International Symposium on},
file = {:C$\backslash$:/Users/aeurielesn/Documents/docs/mendeley/library/Matsumoto et al./Bit-parallel approach to approximate string matching in compressed texts/2002/Matsumoto et al. - 2002 - Bit-parallel approach to approximate string matching in compressed texts.pdf:pdf},
isbn = {0769507468},
keywords = {bibliografia\_anotada,compressed text,lista\_filtrada,parallel,string matching},
mendeley-tags = {bibliografia\_anotada,compressed text,lista\_filtrada,parallel,string matching},
pages = {221--228},
publisher = {IEEE},
title = {{Bit-parallel approach to approximate string matching in compressed texts}},
url = {http://ieeexplore.ieee.org/iel5/7055/19010/00878198.pdf?arnumber=878198},
year = {2002}
}
@inproceedings{Milidiu1998,
annote = {Presenta un algoritmo para generaci\'{o}n de c\'{o}digos de Huffman con restricciones de longitud basados en BRCI.},
author = {Milidiu, R L and Pessoa, A A and Laber, E S},
booktitle = {String Processing and Information Retrieval: A South American Symposium, 1998. Proceedings},
file = {:C$\backslash$:/Users/aeurielesn/Documents/docs/mendeley/library/Milidiu, Pessoa, Laber/In-place length-restricted prefix coding/1998/Milidiu, Pessoa, Laber - 1998 - In-place length-restricted prefix coding.pdf:pdf},
isbn = {VO -},
keywords = {BRCI,Build Remove Condense Insert algorithm,Huffman codes,codewords,compression schemes,computational complexity,data compression,decoding,full-text databases,full-text retrieval systems,huffman code,in-place length-restricted prefix coding,lista\_filtrada,sorted input list,sorting,vocabulary,word-based models},
mendeley-tags = {huffman code,lista\_filtrada},
pages = {50--59},
title = {{In-place length-restricted prefix coding}},
year = {1998}
}
@article{miller1985variations,
annote = {Informe t\'{e}cnico.},
author = {Miller, V.S. and Wegman, M.N.},
journal = {Combinatorial algorithms on words},
pages = {131--140},
title = {{Variations on a theme by Ziv and Lempel}},
url = {http://research.microsoft.com/apps/pubs/default.aspx?id=64962},
volume = {12},
year = {1985}
}
@inproceedings{miyazaki1997improved,
annote = {Propone una algoritmo para el problema de Compressed Pattern Matching para compresi\'{o}n Straight-Line.},
author = {Miyazaki, M. and Shinohara, A. and Takeda, M.},
booktitle = {Combinatorial Pattern Matching},
file = {:C$\backslash$:/Users/aeurielesn/Documents/docs/mendeley/library/Miyazaki, Shinohara, Takeda/An improved pattern matching algorithm for strings in terms of straight-line programs/1997/Miyazaki, Shinohara, Takeda - 1997 - An improved pattern matching algorithm for.pdf:pdf},
keywords = {lista\_filtrada,pattern matching,straight-line programs},
mendeley-tags = {lista\_filtrada,pattern matching,straight-line programs},
pages = {1--11},
publisher = {Springer},
title = {{An improved pattern matching algorithm for strings in terms of straight-line programs}},
url = {http://www.springerlink.com/index/qmk68j87w864q63u.pdf},
year = {1997}
}
@article{moffat1989word,
annote = {Estudio de t\'{e}cnicas de compresi\'{o}n basadas en palabras. Presenta resultados que la compresi\'{o}n basada en palabras puede alcanzar mejores \'{\i}ndices (2.2 bits por caracter) que la aproximaci\'{o}n normal basada en caracteres.},
author = {Moffat, A.},
file = {:C$\backslash$:/Users/aeurielesn/Documents/docs/mendeley/library/Moffat/Word-based text compression/1989/Moffat - 1989 - Word-based text compression.pdf:pdf},
issn = {1097-024X},
journal = {Software: Practice and Experience},
keywords = {lista\_filtrada},
mendeley-tags = {lista\_filtrada},
number = {2},
pages = {185--198},
publisher = {Wiley Online Library},
title = {{Word-based text compression}},
url = {http://onlinelibrary.wiley.com/doi/10.1002/spe.4380190207/abstract},
volume = {19},
year = {1989}
}
@article{moffat1995situ,
annote = {Presenta un algoritmo de indexamiento dise\~{n}ado para crear indices invertidos compresos grandes in situ que hace posible el uso de codigos de compresi\'{o}n para enteros positivos.},
author = {Moffat, A. and Bell, T.A.H.},
issn = {1097-4571},
journal = {Journal of the American Society for Information Science},
keywords = {compressed inverted indexes,in situ,inverted indexes},
mendeley-tags = {compressed inverted indexes,in situ,inverted indexes},
number = {7},
pages = {537--550},
publisher = {John Wiley \& Sons},
title = {{In situ generation of compressed inverted files}},
url = {http://www3.interscience.wiley.com/journal/10050212/abstract},
volume = {46},
year = {1995}
}
@article{moffat1995place,
annote = {Propone un algoritmo que mejora la generaci\'{o}n de Prefix-Free Codes. Extremadamente \'{u}til.},
author = {Moffat, A. and Katajainen, J.},
file = {:C$\backslash$:/Users/aeurielesn/Documents/docs/mendeley/library/Moffat, Katajainen/In-place calculation of minimum-redundancy codes/1995/Moffat, Katajainen - 1995 - In-place calculation of minimum-redundancy codes.pdf:pdf},
journal = {Algorithms and Data Structures},
keywords = {data compression,huffman code,lista\_filtrada},
mendeley-tags = {data compression,huffman code,lista\_filtrada},
pages = {393--402},
publisher = {Springer},
title = {{In-place calculation of minimum-redundancy codes}},
url = {http://www.springerlink.com/index/p388877217614272.pdf},
year = {1995}
}
@article{Moffat1998,
abstract = {We consider the problem of calculating minimum-redundancy codes for alphabets in which there is significant repetition of symbol weights. On a sorted-by-weight alphabet of, n symbols and r distinct symbol weights we show that a minimum-redundancy prefix code can be constructed in O(r+r log(n/r)) time, and that a minimum redundancy L-bit length-limited prefix code can be constructed in O(Lr+Lrlog(n/r)) time. When r is small relative to n-which is necessarily the case for most practical coding problems on large alphabets-these bounds represent a substantial improvement upon the best previous algorithms for these two problems, which consumed O(n) time and O(nL) time, respectively. The improved algorithms are also space-efficient},
annote = {Propone un algoritmo que mejora la generaci\'{o}n de Prefix-Free Codes de Huffman. Extremadamente \'{u}til.},
author = {Moffat, A. and Turpin, A.},
doi = {10.1109/18.681345},
file = {:C$\backslash$:/Users/aeurielesn/Documents/docs/mendeley/library/Moffat, Turpin/Efficient construction of minimum-redundancy codes for large alphabets/1998/Moffat, Turpin - 1998 - Efficient construction of minimum-redundancy codes for large alphabets.pdf:pdf},
issn = {00189448},
journal = {IEEE Transactions on Information Theory},
keywords = {bibliografia\_anotada,data compression,huffman code,lista\_filtrada},
mendeley-tags = {bibliografia\_anotada,data compression,huffman code,lista\_filtrada},
month = jul,
number = {4},
pages = {1650--1657},
title = {{Efficient construction of minimum-redundancy codes for large alphabets}},
url = {http://ieeexplore.ieee.org/xpl/freeabs\_all.jsp?arnumber=681345},
volume = {44},
year = {1998}
}
@article{moffat1996self,
annote = {Propone un algoritmo basado en indexaci\'{o}n con archivos invertidos para el mejoramiento de b\'{u}squedas en Sistemas de Recuperaci\'{o}n de Informaci\'{o}n. Presenta resultados de la t\'{e}cnica aplicada.},
author = {Moffat, A. and Zobel, J.},
file = {:C$\backslash$:/Users/aeurielesn/Documents/docs/mendeley/library/Moffat, Zobel/Self-indexing inverted files for fast text retrieval/1996/Moffat, Zobel - 1996 - Self-indexing inverted files for fast text retrieval.pdf:pdf},
issn = {1046-8188},
journal = {ACM Transactions on Information Systems (TOIS)},
keywords = {lista\_filtrada},
mendeley-tags = {lista\_filtrada},
number = {4},
pages = {349--379},
publisher = {ACM},
title = {{Self-indexing inverted files for fast text retrieval}},
url = {http://portal.acm.org/citation.cfm?id=237497\&dl=},
volume = {14},
year = {1996}
}
@inproceedings{motwani2010randomized,
annote = {Libro presenta los conceptos basicos y fundamentales para el dise\~{n}o y analisis de algoritmos aleatorios.},
author = {Motwani, R. and Raghavan, P.},
booktitle = {Algorithms and theory of computation handbook},
pages = {12--12},
publisher = {Chapman \& Hall/CRC},
title = {{Randomized algorithms}},
url = {http://portal.acm.org/citation.cfm?id=1882769},
year = {2010}
}
@article{Moura2000,
annote = {The compressed matching problem was first defined in the work of Amir and Benson [Amir and Benson 1992]
Roadmap:
- Farach and Thorup, 1995.
- Ziv and Lempel, 1976.
- Amir, 1996.
- Kida, 1998.
- Navarro, 1999.
- Kida, 1999.
Direct searching on compressed text:
Word-based seaching:
- Manber, 1997.
- Turpin and Moffat, 1997.
Semi-static model: a first pass to obtain the frequency and a second pass to perform the actual compression.},
author = {de Moura, E Silva and Navarro, G},
file = {:C$\backslash$:/Users/aeurielesn/Documents/docs/mendeley/library/De Moura, Navarro/Fast and flexible word searching on compressed text/2000/De Moura, Navarro - 2000 - Fast and flexible word searching on compressed text.pdf:pdf},
journal = {ACM Transactions on Information Systems (TOIS)},
keywords = {algorithm,bibliografia\_anotada,compressed text,lista\_filtrada,roadmap,searching},
mendeley-tags = {algorithm,bibliografia\_anotada,compressed text,lista\_filtrada,roadmap,searching},
title = {{Fast and flexible word searching on compressed text}},
url = {http://portal.acm.org/citation.cfm?id=348754},
year = {2000}
}
@article{Mukherjee2005,
abstract = {In recent times, we have witnessed an unprecedented growth of textual information via the Internet, digital libraries and archival text in many applications. To be able to store, manage, organize and transport the data efficiently, text compression is necessary. We also need efficient search engines to speedily find the information from this huge mass of data, especially when it is compressed. In this chapter, we present a review of text compression algorithms, with particular emphasis on the LZ family algorithms, and present our current research on the family of Star compression algorithms. We discuss ways to search the information from its compressed format and introduce some recent work on compressed domain pattern matching, with a focus on a new two-pass compression algorithm based on LZW algorithm. We present the architecture of a compressed domain search and retrieval system for archival information and indicate its suitability for implementation in a parallel and distributed environment using random access property of the two-pass LZW algorithm. © 2005 Elsevier Inc. All rights reserved.},
annote = {Presenta una revisi\'{o}n de algoritmos de compresi\'{o}n de texto con enfasis en la familia de algoritmos LZ y algoritmos de compresi\'{o}n Star.},
author = {Mukherjee, A. and Zhang, N. and Tao, T. and Satya, R.V. and Sun, W.},
institution = {School of Computer Science University of Central Florida, Orlando, FL 32816, United States},
journal = {Advances in Computers},
pages = {207--262},
title = {{Search and Retrieval of Compressed Text}},
url = {http://www.scopus.com/inward/record.url?eid=2-s2.0-33645841075\&partnerID=40\&md5=1b031ec110479a5b7a279a7f64ede81b},
volume = {63},
year = {2005}
}
@article{munro2001space,
annote = {Contribuye en el desarrollo de tecnicas para el uso de representaciones de succint trees haciendo uso de balanceo de parentesis para arboles de sufijos.},
author = {Munro, J.I. and Raman, V. and Rao, S.S.},
issn = {0196-6774},
journal = {Journal of Algorithms},
number = {2},
pages = {205--222},
publisher = {Elsevier},
title = {{Space Efficient Suffix Trees}},
url = {http://linkinghub.elsevier.com/retrieve/pii/S0196677400911519},
volume = {39},
year = {2001}
}
@article{MNUalgor03,
annote = {Propone un algoritmo para el problema de Approximate String Matching para compresi\'{o}n RLE.},
author = {M\"{a}kinen, V. and Navarro, G. and Ukkonen, E.},
file = {:C$\backslash$:/Users/aeurielesn/Documents/docs/mendeley/library/M\"{a}kinen, Navarro, Ukkonen/Approximate Matching of Run-Length Compressed Strings/2003/M\"{a}kinen, Navarro, Ukkonen - 2003 - Approximate Matching of Run-Length Compressed Strings.pdf:pdf},
journal = {Algorithmica},
keywords = {approximate,pattern matching,rle},
mendeley-tags = {approximate,pattern matching,rle},
pages = {347----369},
title = {{Approximate Matching of Run-Length Compressed Strings}},
volume = {35},
year = {2003}
}
@article{Navjda03,
annote = {Presenta una soluci\'{o}in no-trivial para el problema de Compressed Pattern Matching en LZ usando expresiones regulares. Presenta resultados experimentales.},
author = {Navarro, G},
file = {:C$\backslash$:/Users/aeurielesn/Documents/docs/mendeley/library/Navarro/Regular Expression Searching on Compressed Text/2003/Navarro - 2003 - Regular Expression Searching on Compressed Text.pdf:pdf},
journal = {Journal of Discrete Algorithms (JDA)},
keywords = {bibliografia\_anotada,compressed text,lista\_filtrada,lz78,lzw,regex},
mendeley-tags = {bibliografia\_anotada,compressed text,lista\_filtrada,lz78,lzw,regex},
number = {5/6},
pages = {423--443},
publisher = {Elsevier Science},
title = {{Regular Expression Searching on Compressed Text}},
volume = {1},
year = {2003}
}
@article{navarro2001guided,
annote = {Extremadamente \'{u}til.},
author = {Navarro, G.},
file = {:C$\backslash$:/Users/aeurielesn/Documents/docs/mendeley/library/Navarro/A guided tour to approximate string matching/2001/Navarro - 2001 - A guided tour to approximate string matching.pdf:pdf},
issn = {0360-0300},
journal = {ACM computing surveys (CSUR)},
keywords = {approximate,lista\_filtrada,string matching,tour},
mendeley-tags = {approximate,lista\_filtrada,string matching,tour},
number = {1},
pages = {31--88},
publisher = {ACM},
title = {{A guided tour to approximate string matching}},
url = {http://portal.acm.org/citation.cfm?id=375365\&dl=},
volume = {33},
year = {2001}
}
@article{navarro2000adding,
annote = {Estudio de diferentes t\'{e}cnicas de compresi\'{o}n de \'{\i}ndices. Presenta un algoritmo que alcanza aproximadamente un 12\% de mejora para b\'{u}squedas en \'{\i}ndices usando Block Addressing. \'{U}til, revisar.},
author = {Navarro, G. and {De Moura}, E.S. and Neubert, M. and Ziviani, N. and Baeza-Yates, R.},
file = {:C$\backslash$:/Users/aeurielesn/Documents/docs/mendeley/library/Navarro et al./Adding compression to block addressing inverted indexes/2000/Navarro et al. - 2000 - Adding compression to block addressing inverted indexes.pdf:pdf},
issn = {1386-4564},
journal = {Information Retrieval},
keywords = {block addressing,compressed text,inverted indexes,lista\_filtrada},
mendeley-tags = {block addressing,compressed text,inverted indexes,lista\_filtrada},
number = {1},
pages = {49--77},
publisher = {Springer},
title = {{Adding compression to block addressing inverted indexes}},
url = {http://www.springerlink.com/index/LQ125288048666G3.pdf},
volume = {3},
year = {2000}
}
@inproceedings{navarro1998bit,
annote = {Presenta un nuevo algoritmo para el problema de String Matching denominado BNDM, que es la versi\'{o}n con paralelizacion de bits del algoritmo BDM. Presenta resultados experimentales.},
author = {Navarro, G. and Raffinot, M.},
booktitle = {Combinatorial Pattern Matching},
keywords = {bdm,bndm,string matching},
mendeley-tags = {bdm,bndm,string matching},
pages = {14--33},
publisher = {Springer},
title = {{A bit-parallel approach to suffix automata: Fast extended string matching}},
url = {http://www.springerlink.com/index/5238211580894375.pdf},
year = {1998}
}
@inproceedings{navarro2000boyer,
annote = {Presenta un algoritmo basado en Boyer-Moore para el problema de Compressed Pattern Matching. \'{U}til, mejora aproximada de un 30\% sobre el problema. LZW Compressed Pattern Matching Algorithm.},
author = {Navarro, G. and Tarhio, J.},
booktitle = {Combinatorial Pattern Matching},
file = {:C$\backslash$:/Users/aeurielesn/Documents/docs/mendeley/library/Navarro, Tarhio/Boyer-Moore String Matching over Ziv-Lempel Compressed Text/2000/Navarro, Tarhio - 2000 - Boyer-Moore String Matching over Ziv-Lempel Compressed Text.pdf:pdf},
keywords = {bibliografia\_anotada,lista\_filtrada,lz78,lzw,string matching},
mendeley-tags = {bibliografia\_anotada,lista\_filtrada,lz78,lzw,string matching},
pages = {166--180},
publisher = {Springer},
title = {{Boyer-Moore String Matching over Ziv-Lempel Compressed Text}},
url = {http://www.springerlink.com/index/51FG34TDUBANDPQL.pdf},
year = {2000}
}
@article{navarro2005lzgrep,
annote = {Presenta una herramienta de String Matching basado en Boyer-Moore que mejora hasta en un 50\% las b\'{u}squedas en texto comprimido con LZ78 y LZW. \'{U}til, LZgrep est\'{a} disponible, hay resultados experimentales.},
author = {Navarro, G. and Tarhio, J.},
file = {:C$\backslash$:/Users/aeurielesn/Documents/docs/mendeley/library/Navarro, Tarhio/LZgrep A Boyer-Moore string matching tool for Ziv-Lempel compressed text/2005/Navarro, Tarhio - 2005 - LZgrep A Boyer-Moore string matching tool for Ziv-Lempel compressed text.pdf:pdf},
issn = {1097-024X},
journal = {Software: Practice and Experience},
keywords = {bibliografia\_anotada,boyer-moore,lista\_filtrada,lz78,lzw},
mendeley-tags = {bibliografia\_anotada,boyer-moore,lista\_filtrada,lz78,lzw},
number = {12},
pages = {1107--1130},
publisher = {John Wiley \& Sons},
title = {{LZgrep: A Boyer-Moore string matching tool for Ziv-Lempel compressed text}},
url = {http://www3.interscience.wiley.com/journal/110485315/abstract},
volume = {35},
year = {2005}
}
@article{Navarro2001,
annote = {Uso de un algoritmo con descompresi\'{o}n local reduciendo el problema a Multipattern Searching en varias piezas de patrones con verificaci\'{o}n. \'{U}til, uno de los primeras aplicaciones directas sobre Lempel Ziv de Compressed Pattern Matching, casi tres veces m\'{a}s r\'{a}pido que la soluci\'{o}n trivial.},
author = {Navarro, G and Kida, T and Takeda, M},
file = {:C$\backslash$:/Users/aeurielesn/Documents/docs/mendeley/library/Navarro, Kida, Takeda/Faster approximate string matching over compressed text/2001/Navarro, Kida, Takeda - 2001 - Faster approximate string matching over compressed text.pdf:pdf},
journal = {Data Compression Conference},
keywords = {algorithm,bibliografia\_anotada,compressed text,lista\_filtrada,string matching},
mendeley-tags = {algorithm,bibliografia\_anotada,compressed text,lista\_filtrada,string matching},
title = {{Faster approximate string matching over compressed text}},
url = {http://www.computer.org/portal/web/csdl/doi/10.1109/DCC.2001.917177},
year = {2001}
}
@incollection{navarro1999general,
abstract = {We address the problem of string matching on Ziv-Lempel compressed text. The goal is to search a pattern in a text without uncompressing it. This is a highly relevant issue to keep compressed text databases where efficient searching is still possible. We develop a general technique for string matching when the text comes as a sequence of blocks. This abstracts the essential features of Ziv-Lempel compression. We then apply the scheme to each particular type of compression. We present the first algorithm to find all the matches of a pattern in a text compressed using LZ77. When we apply our scheme to LZ78, we obtain a much more efficient search algorithm, which is faster than uncompressing the text and then searching on it. Finally, we propose a new hybrid compression scheme which is between LZ77 and LZ78, being in practice as good to compress as LZ77 and as fast to search in as LZ78.},
annote = {Presenta el primer algoritmo para encontrar todas las ocurrencias de un patr\'{o}n en un texto comprimido con LZ77. Tambi\'{e}n presenta un algoritmo h\'{\i}brido aplicable para LZ77 y LZ78. \'{U}til, aplicable para LZ77.},
author = {Navarro, Gonzalo and Raffinot, Mathieu},
booktitle = {Combinatorial Pattern Matching},
editor = {Crochemore, Maxime and Paterson, Mike},
file = {:C$\backslash$:/Users/aeurielesn/Documents/docs/mendeley/library/Navarro, Raffinot/A General Practical Approach to Pattern Matching over Ziv-Lempel Compressed Text/1999/Navarro, Raffinot - 1999 - A General Practical Approach to Pattern Matching over Ziv-Lempel Co.pdf:pdf},
keywords = {bibliografia\_anotada,lista\_filtrada,lz77,lz78,lzw},
mendeley-tags = {bibliografia\_anotada,lista\_filtrada,lz77,lz78,lzw},
pages = {14--36},
publisher = {Springer Berlin / Heidelberg},
series = {Lecture Notes in Computer Science},
title = {{A General Practical Approach to Pattern Matching over Ziv-Lempel Compressed Text}},
url = {http://dx.doi.org/10.1007/3-540-48452-3\_2},
volume = {1645},
year = {1999}
}
@book{nelsondata,
annote = {Libro que presenta varios tecnicas de compresion de informacion usadas desde computadores personales hasta grandes computadores.},
author = {Nelson, M. and Gailly, J.L.},
booktitle = {Citeseer},
edition = {2nd Editio},
file = {:C$\backslash$:/Users/aeurielesn/Documents/docs/mendeley/library/Nelson, Gailly/The Data Compression Book/Unknown/Nelson, Gailly - Unknown - The Data Compression Book.chm:chm},
publisher = {Citeseer},
title = {{The Data Compression Book}},
url = {http://citeseerx.ist.psu.edu/viewdoc/download?doi=10.1.1.136.5010\&rep=rep1\&type=pdf}
}
@inproceedings{nevill2002compression,
annote = {Estudio de un algoritmo que genera m\'{o}delos of secuencias de s\'{\i}mbolos legibles para compresi\'{o}n que logra rivalizar con los mejores \'{\i}ndices de compresi\'{o}n conocidos en el momento. \'{U}til, falta encontrar un estudio de \'{e}ste con b\'{u}squedas en texto comprimido.},
author = {Nevill-Manning, C.G. and Witten, I.H. and Maulsby, D.L.},
booktitle = {Data Compression Conference, 1994. DCC'94. Proceedings},
file = {:C$\backslash$:/Users/aeurielesn/Documents/docs/mendeley/library/Nevill-Manning, Witten, Maulsby/Compression by induction of hierarchical grammars/2002/Nevill-Manning, Witten, Maulsby - 2002 - Compression by induction of hierarchical grammars.pdf:pdf},
isbn = {0818656379},
keywords = {lista\_filtrada},
mendeley-tags = {lista\_filtrada},
pages = {244--253},
publisher = {IEEE},
title = {{Compression by induction of hierarchical grammars}},
url = {http://ieeexplore.ieee.org/xpls/abs\_all.jsp?arnumber=305932},
year = {2002}
}
@book{papadimitriou2003computational,
annote = {Presenta el campo de la matematica para el establecimiento de pruebas de imposibilidad, complejidad computacional.},
author = {Papadimitriou, C.H.},
isbn = {0470864125},
publisher = {John Wiley and Sons Ltd.},
title = {{Computational complexity}},
url = {http://portal.acm.org/citation.cfm?id=1074233},
year = {2003}
}
@inproceedings{plandowski1999solvability,
annote = {Prueba que el problema de satisfactibilidad para word equations es PSPACE.},
author = {Plandowski, W.},
booktitle = {Proceedings of FOCS},
title = {{Solvability of word equations with constants is in P-SPACE}},
url = {http://scholar.google.com/scholar?hl=en\&q=solvability+of+word+equations+plandowski\&btnG=Search\&as\_sdt=1,5\&as\_ylo=\&as\_vis=0\#4},
year = {1999}
}
@inproceedings{plandowski1999satisfiability,
annote = {Presenta tecnicas para verificacion que una word equation tiene soluci\'{o}n.},
author = {Plandowski, W.},
booktitle = {Proceedings of the thirty-first annual ACM symposium on Theory of computing},
isbn = {1581130678},
keywords = {solvability,word equations},
mendeley-tags = {solvability,word equations},
pages = {721--725},
publisher = {ACM},
title = {{Satisfiability of word equations with constants is in NEXPTIME}},
url = {http://portal.acm.org/citation.cfm?id=301443},
year = {1999}
}
@article{plandowski1994testing,
annote = {Presenta un algoritmo de tiempo polinomial para verficar si dos morfismos son equivalentes en cada palabra de un lenguage de contexto libre.},
author = {Plandowski, W.},
journal = {Algorithms},
pages = {460--470},
publisher = {Springer},
title = {{Testing equivalence of morphisms on context-free languages}},
url = {http://www.springerlink.com/index/R25435618730900X.pdf},
year = {1994}
}
@article{plandowski1998application,
annote = {Propone algoritmo para lidiar con Word Equations usando compresi\'{o}n LZ.},
author = {Plandowski, W. and Rytter, W.},
file = {:C$\backslash$:/Users/aeurielesn/Documents/docs/mendeley/library/Plandowski, Rytter/Application of Lempel-Ziv encodings to the solution of word equations/1998/Plandowski, Rytter - 1998 - Application of Lempel-Ziv encodings to the solution of word equations.pdf:pdf},
journal = {Automata, Languages and Programming},
keywords = {lz,word equations},
mendeley-tags = {lz,word equations},
pages = {731--742},
publisher = {Springer},
title = {{Application of Lempel-Ziv encodings to the solution of word equations}},
url = {http://www.springerlink.com/index/9T7857013V54R8V7.pdf},
year = {1998}
}
@article{Revuz1992,
annote = {Presenta un algoritmo lineal para la minimizacion de automatas deterministas aciclicos.},
author = {Revuz, D},
doi = {10.1016/0304-3975(92)90142-3},
issn = {03043975},
journal = {Theoretical Computer Science},
keywords = {dfa},
mendeley-tags = {dfa},
month = jan,
number = {1},
pages = {181--189},
title = {{Minimisation of acyclic deterministic automata in linear time}},
volume = {92},
year = {1992}
}
@article{rytter2002compressed,
annote = {Estudio de problemas de complejidad relacionados a varios algoritmos para el problema de Compressed Pattern Matching en una y dos dimensiones sin descompresi\'{o}n explicita.},
author = {Rytter, W.},
issn = {0018-9219},
journal = {Proceedings of the IEEE},
keywords = {compressed text,lista\_filtrada,pattern matching},
mendeley-tags = {compressed text,lista\_filtrada,pattern matching},
number = {11},
pages = {1769--1778},
publisher = {IEEE},
title = {{Compressed and fully compressed pattern matching in one and two dimensions}},
url = {http://ieeexplore.ieee.org/xpls/abs\_all.jsp?arnumber=892712},
volume = {88},
year = {2002}
}
@inproceedings{rytter2010algorithms,
annote = {Estudio de algoritmos en una y dos dimensiones para diversos problemas como Pattern Matching. Presenta estudio de complejidad para \'{e}stos.},
author = {Rytter, W.},
booktitle = {SOFSEM},
file = {:C$\backslash$:/Users/aeurielesn/Documents/docs/mendeley/library/Rytter/Algorithms on compressed strings and arrays/2010/Rytter - 2010 - Algorithms on compressed strings and arrays.pdf:pdf},
keywords = {lista\_filtrada,survey},
mendeley-tags = {lista\_filtrada,survey},
pages = {757--757},
publisher = {Springer},
title = {{Algorithms on compressed strings and arrays}},
url = {http://www.springerlink.com/index/66MYGJW9UHQY4TMF.pdf},
year = {2010}
}
@article{sadakane2000compressed,
annote = {Propone un algoritmo de compresi\'{o}n de texto para bases de datos basado en Suffix Arrays. \'{U}til, soporta descompresi\'{o}n local y b\'{u}squedas exactas.},
author = {Sadakane, K.},
file = {:C$\backslash$:/Users/aeurielesn/Documents/docs/mendeley/library/Sadakane/Compressed text databases with efficient query algorithms based on the compressed suffix array/2000/Sadakane - 2000 - Compressed text databases with efficient query algorithms based on the.pdf:pdf},
journal = {Algorithms and Computation},
keywords = {compressed text,lista\_filtrada,local decompression,searching,suffix array},
mendeley-tags = {compressed text,lista\_filtrada,local decompression,searching,suffix array},
pages = {295--321},
publisher = {Springer},
title = {{Compressed text databases with efficient query algorithms based on the compressed suffix array}},
url = {http://www.springerlink.com/index/KH8MYH1DQJD88TKF.pdf},
year = {2000}
}
@article{schmidt2011pattern,
annote = {Presenta un algoritmo para b\'{u}squedas de t\'{e}rminos entre Singleton Tree Grammars. \'{U}til para comprensi\'{o}n de Pattern Matching.},
author = {Schmidt-Schau\ss, M.},
file = {:C$\backslash$:/Users/aeurielesn/Documents/docs/mendeley/library/Schmidt-Schau\ss/Pattern Matching of Compressed Terms and Contexts and Polynomial Rewriting/2011/Schmidt-Schau\ss - 2011 - Pattern Matching of Compressed Terms and Contexts and Polynomial Rewriting.pdf:pdf},
keywords = {lista\_filtrada},
mendeley-tags = {lista\_filtrada},
title = {{Pattern Matching of Compressed Terms and Contexts and Polynomial Rewriting}},
url = {http://www.ki.informatik.uni-frankfurt.de/papers/schauss/frank-43.pdf},
year = {2011}
}
@inproceedings{schnattinger2010bidirectional,
annote = {Presenta una nueva estructura de indexamiento, Wavelet Index, que soporta busquedas en ambas direcciones. Aplicacion para la busqueda de cadenas de RNA en genoma humano.},
author = {Schnattinger, T. and Ohlebusch, E. and Gog, S.},
booktitle = {Combinatorial Pattern Matching},
file = {:C$\backslash$:/Users/aeurielesn/Documents/docs/mendeley/library/Schnattinger, Ohlebusch, Gog/Bidirectional Search in a String with Wavelet Trees/2010/Schnattinger, Ohlebusch, Gog - 2010 - Bidirectional Search in a String with Wavelet Trees.pdf:pdf},
keywords = {rna,searching,wavelet index,wavelet trees},
mendeley-tags = {rna,searching,wavelet index,wavelet trees},
pages = {40--50},
publisher = {Springer},
title = {{Bidirectional Search in a String with Wavelet Trees}},
url = {http://www.springerlink.com/index/KM4X7535547841U7.pdf},
year = {2010}
}
@article{schwartz1979probabilistic,
annote = {Presenta un estudio de algoritmos probabilisticos para la verificaci\'{o}n de identidades polinomiales.},
author = {Schwartz, J.},
journal = {Symbolic and Algebraic Computation},
pages = {200--215},
publisher = {Springer},
title = {{Probabilistic algorithms for verification of polynomial identities}},
url = {http://www.springerlink.com/index/px628255h48185t2.pdf},
year = {1979}
}
@article{schwartz1980fast,
annote = {Presenta t\'{e}cncas para la verificaci\'{o}n de identidades polinomiales m\'{a}s eficientes que las t\'{e}cnicas de AI conocidas.},
author = {Schwartz, J.T.},
file = {:C$\backslash$:/Users/aeurielesn/Documents/docs/mendeley/library/Schwartz/Fast probabilistic algorithms for verification of polynomial identities/1980/Schwartz - 1980 - Fast probabilistic algorithms for verification of polynomial identities.pdf:pdf},
issn = {0004-5411},
journal = {Journal of the ACM (JACM)},
keywords = {probabilistic algorithms},
mendeley-tags = {probabilistic algorithms},
number = {4},
pages = {701--717},
publisher = {ACM},
title = {{Fast probabilistic algorithms for verification of polynomial identities}},
url = {http://portal.acm.org/citation.cfm?id=322225},
volume = {27},
year = {1980}
}
@article{shallit1999efficient,
annote = {Presenta un algoritmo eficiento para computar la \'{\i}esima letra de 'n(a) que funciona en tiempo polinomial con respecto al tama\~{n}o de la entrada. Tiene aplicaciones en modelamiento biologico.},
author = {Shallit, J. and Swart, D.},
publisher = {Citeseer},
title = {{An Efficient Algorithm for Computing the Ith Letter of Phi$\backslash$\^{} n (a)}},
url = {http://citeseerx.ist.psu.edu/viewdoc/summary?doi=10.1.1.46.368},
year = {1999}
}
@article{shibata2000speeding,
annote = {Propuesta de un algoritmo usando el m\'{e}todo de compresi\'{o}n BPE (Byte-Pair Encoding) para soluci\'{o}n al problema de Compressed Pattern Matching.},
author = {Shibata, Y. and Kida, T. and Fukamachi, S. and Takeda, M. and Shinohara, A. and Shinohara, T. and Arikawa, S.},
file = {:C$\backslash$:/Users/aeurielesn/Documents/docs/mendeley/library/Shibata et al./Speeding up pattern matching by text compression/2000/Shibata et al. - 2000 - Speeding up pattern matching by text compression.pdf:pdf},
journal = {Algorithms and Complexity},
keywords = {bibliografia\_anotada,compressed text,lista\_filtrada,pattern matching},
mendeley-tags = {bibliografia\_anotada,compressed text,lista\_filtrada,pattern matching},
pages = {306--315},
publisher = {Springer},
title = {{Speeding up pattern matching by text compression}},
url = {http://www.springerlink.com/index/FA7C7HEQNL6QWB4Q.pdf},
year = {2000}
}
@misc{shibata1999byte,
annote = {Estudio de Byte-Pair Encoding como t\'{e}cnica de compresi\'{o}n de informaci\'{o}n. Presenta resultados para el problema de Compressed Pattern Matching usando BPE.},
author = {Shibata, Y. and Kida, T. and Fukamachi, S. and Takeda, M. and Shinohara, A. and Shinohara, T. and Arikawa, S.},
file = {:C$\backslash$:/Users/aeurielesn/Documents/docs/mendeley/library/Shibata et al./Byte Pair encoding A text compression scheme that accelerates pattern matching/1999/Shibata et al. - 1999 - Byte Pair encoding A text compression scheme that accelerates pattern match.pdf:pdf},
institution = {Kyushu University},
keywords = {bibliografia\_anotada,bpe,compressed text,lista\_filtrada,pattern matching,searching},
mendeley-tags = {bibliografia\_anotada,bpe,compressed text,lista\_filtrada,pattern matching,searching},
publisher = {Citeseer},
title = {{Byte Pair encoding: A text compression scheme that accelerates pattern matching}},
url = {http://citeseerx.ist.psu.edu/viewdoc/summary?doi=10.1.1.46.4046},
year = {1999}
}
@inproceedings{shibata2000boyer,
annote = {Algoritmo basado en Boyer-Moore para el problema de Compressed Pattern Matching. \'{U}til, uso de BM. Collage Compressed Pattern Matching Algorithm.},
author = {Shibata, Y. and Matsumoto, T. and Takeda, M. and Shinohara, A. and Arikawa, S.},
booktitle = {Combinatorial Pattern Matching},
file = {:C$\backslash$:/Users/aeurielesn/Documents/docs/mendeley/library/Shibata et al./A Boyer–Moore Type Algorithm for Compressed Pattern Matching/2000/Shibata et al. - 2000 - A Boyer–Moore Type Algorithm for Compressed Pattern Matching.pdf:pdf},
keywords = {bibliografia\_anotada,boyer-moore,bpe,lista\_filtrada,pattern matching},
mendeley-tags = {bibliografia\_anotada,boyer-moore,bpe,lista\_filtrada,pattern matching},
pages = {181--194},
publisher = {Springer},
title = {{A Boyer-Moore Type Algorithm for Compressed Pattern Matching}},
url = {http://www.springerlink.com/index/A57TLTK48VE9NKTV.pdf},
year = {2000}
}
@inproceedings{shibata1999pattern,
annote = {Presenta un algoritmo lineal basado en antidiccionarios. Posiblemente el Shift-And pueda ser un reemplazo para el KMP.},
author = {Shibata, Y. and Takeda, M. and Shinohara, A. and Arikawa, S.},
booktitle = {Combinatorial Pattern Matching},
file = {:C$\backslash$:/Users/aeurielesn/Documents/docs/mendeley/library/Shibata et al./Pattern matching in text compressed by using antidictionaries/1999/Shibata et al. - 1999 - Pattern matching in text compressed by using antidictionaries.pdf:pdf},
keywords = {antidictionary,bibliografia\_anotada,compressed text,lista\_filtrada,pattern matching},
mendeley-tags = {antidictionary,bibliografia\_anotada,compressed text,lista\_filtrada,pattern matching},
pages = {37--49},
publisher = {Springer},
title = {{Pattern matching in text compressed by using antidictionaries}},
url = {http://www.springerlink.com/index/YTM6TD9EW6RCDBCL.pdf},
year = {1999}
}
@article{Storer1988,
annote = {Libro introduce al estado del arte practico de las tecnicas de compresion de informaci\'{o}n tales como algoritmos paralelos e implementaciones VLSI. Tambien muestra conceptos m\'{a}s abstractos de NP-completitud en ciertos modelos de compresi\'{o}n.},
author = {Storer, J},
title = {{Data Compression Methods and Theory.}},
url = {http://www.csa.com/partners/viewrecord.php?requester=gs\&collection=TRD\&recid=1892920CI},
year = {1988}
}
@article{storer1982data,
annote = {Estudio de algoritmos disponibles en la literatura basados en substituci\'{o}n textual incluyendo teoremas, limites, entre otros; para la compresi\'{o}n de texto. \'{U}til, presenta un estudio de una t\'{e}cnica de compresi\'{o}n, LZSS.},
author = {Storer, J.A. and Szymanski, T.G.},
file = {:C$\backslash$:/Users/aeurielesn/Documents/docs/mendeley/library/Storer, Szymanski/Data compression via textual substitution/1982/Storer, Szymanski - 1982 - Data compression via textual substitution.pdf:pdf},
issn = {0004-5411},
journal = {Journal of the ACM (JACM)},
keywords = {lista\_filtrada,lzss},
mendeley-tags = {lista\_filtrada,lzss},
number = {4},
pages = {928--951},
publisher = {ACM},
title = {{Data compression via textual substitution}},
url = {http://portal.acm.org/citation.cfm?id=322346},
volume = {29},
year = {1982}
}
@article{sunday1990very,
annote = {De los mejores algoritmos para busquedas en cadenas. Extremadamente \'{u}til.},
author = {Sunday, D.M.},
issn = {0001-0782},
journal = {Communications of the ACM},
keywords = {lista\_filtrada,searching},
mendeley-tags = {lista\_filtrada,searching},
number = {8},
pages = {132--142},
publisher = {ACM},
title = {{A very fast substring search algorithm}},
url = {http://portal.acm.org/citation.cfm?id=79184},
volume = {33},
year = {1990}
}
@inproceedings{takeda2002processing,
annote = {Presentan un algoritmo para realizar b\'{u}squedas en texto comprimido que usan un \'{u}nico byte y m\'{u}ltiples bytes para codificaci\'{o}n basado en Aho-Corasick.},
author = {Takeda, M. and Miyamoto, S. and Kida, T. and Shinohara, A. and Fukamachi, S. and Shinohara, T. and Arikawa, S.},
booktitle = {String Processing and Information Retrieval},
file = {:C$\backslash$:/Users/aeurielesn/Documents/docs/mendeley/library/Takeda et al./Processing text files as is Pattern matching over compressed texts, multi-byte character texts, and semi-structured texts/2002/Takeda et al. - 2002 - Processing text files as is Patter.pdf:pdf},
keywords = {bibliografia\_anotada,lista\_filtrada},
mendeley-tags = {bibliografia\_anotada,lista\_filtrada},
pages = {215--220},
publisher = {Springer},
title = {{Processing text files as is: Pattern matching over compressed texts, multi-byte character texts, and semi-structured texts}},
url = {http://www.springerlink.com/index/HWETDQ7X25YBE3Q5.pdf},
year = {2002}
}
@article{takeda2001speeding,
annote = {Presenta algoritmos para el problema de Compressed Pattern Matching. Enfocados en la compresi\'{o}n de cualquier tipo de texto, incluso texto en alfabeto Unicode como el japon\'{e}s. Presenta un roadmap de algunos algoritmos de la literatura para diversos tipos de compresi\'{o}n.},
author = {Takeda, M. and Shibata, Y. and Matsumoto, T. and Kida, T. and Shinohara, A. and Fukamachi, S. and Shinohara, T. and Arikawa, S.},
file = {:C$\backslash$:/Users/aeurielesn/Documents/docs/mendeley/library/Takeda et al./Speeding up string pattern matching by text compression The dawn of a new era/2001/Takeda et al. - 2001 - Speeding up string pattern matching by text compression The dawn of a new era.pdf:pdf},
journal = {Transactions of Information Processing Society of Japan},
keywords = {bibliografia\_anotada,data compression,lista\_filtrada,string matching},
mendeley-tags = {bibliografia\_anotada,data compression,lista\_filtrada,string matching},
number = {3},
pages = {370--384},
title = {{Speeding up string pattern matching by text compression: The dawn of a new era}},
url = {http://www.shino.ecei.tohoku.ac.jp/\~{}ayumi/papers/IPSJ40.pdf},
volume = {42},
year = {2001}
}
@inproceedings{tao2004lzw,
annote = {Propone un algoritmos basado en el trabajo de Amir para el problema de Compressed Pattern Matching con la mejora que es capaz de buscar todas las ocurrencias. Presentan resultados experimentales comparados con resultados usando la transformada de Burrows-Wheeler.},
author = {Tao, T. and Mukherjee, A.},
booktitle = {Proceeding Data Compression Conference (DCC'04), pp},
file = {:C$\backslash$:/Users/aeurielesn/Documents/docs/mendeley/library/Tao, Mukherjee/LZW based compressed pattern matching/2004/Tao, Mukherjee - 2004 - LZW based compressed pattern matching.pdf:pdf},
keywords = {lista\_filtrada,lzw,pattern matching},
mendeley-tags = {lista\_filtrada,lzw,pattern matching},
pages = {568--601},
publisher = {Citeseer},
title = {{LZW based compressed pattern matching}},
url = {http://citeseerx.ist.psu.edu/viewdoc/download?doi=10.1.1.137.4647\&rep=rep1\&type=pdf},
year = {2004}
}
@inproceedings{vo1998compressed,
annote = {Presenta un algoritmo que mejora las b\'{u}squedas en Compressed Inverted Files.},
author = {Vo, A.N. and Moffat, A.},
booktitle = {Proceedings of the 21st annual international ACM SIGIR conference on Research and development in information retrieval},
file = {:C$\backslash$:/Users/aeurielesn/Documents/docs/mendeley/library/Vo, Moffat/Compressed inverted files with reduced decoding overheads/1998/Vo, Moffat - 1998 - Compressed inverted files with reduced decoding overheads.pdf:pdf},
isbn = {1581130155},
keywords = {inverted files,lista\_filtrada},
mendeley-tags = {inverted files,lista\_filtrada},
pages = {290--297},
publisher = {ACM},
title = {{Compressed inverted files with reduced decoding overheads}},
url = {http://portal.acm.org/citation.cfm?id=290941.291011},
year = {1998}
}
@article{welch1984technique,
annote = {Introduce un nuevo algoritmo de compresi\'{o}n que no est\'{a} badado en los metodos comerciales existentes reduciendo muchos de los problemas presentes en metodos anteriores.},
author = {Welch, T.},
issn = {0018-9162},
journal = {Computer},
keywords = {compressed text},
mendeley-tags = {compressed text},
number = {6},
pages = {8--19},
title = {{Technique for high-performance data compression}},
url = {http://www.csa.com/partners/viewrecord.php?requester=gs\&collection=TRD\&recid=0805622CI},
volume = {17},
year = {1984}
}
@misc{whiting1991data,
annote = {Reporte tecnico acerca de compresi\'{o}n de informaci\'{o}n. US Patent 5,016,009},
author = {Whiting, D.L. and George, G.A. and Ivey, G.E.},
booktitle = {US Patent 5,016,009},
month = may,
publisher = {Google Patents},
title = {{Data compression apparatus and method}},
url = {http://www.google.com/patents?hl=en\&lr=\&vid=USPAT5016009\&id=l5QkAAAAEBAJ\&oi=fnd\&dq=data+compression+apparatus+and+method\&printsec=abstract},
year = {1991}
}
@inproceedings{williams1991extremely,
annote = {Presenta un algoritmo de compresi\'{o}n nuevo, simple, extremadamente r\'{a}pido, y localmente adaptativo basado en LZ77.},
author = {Williams, R.N.},
booktitle = {Data Compression Conference, 1991. DCC'91.},
isbn = {0818692022},
keywords = {lz77,lzrw1},
mendeley-tags = {lz77,lzrw1},
pages = {362--371},
publisher = {IEEE},
title = {{An extremely fast Ziv-Lempel data compression algorithm}},
url = {http://ieeexplore.ieee.org/xpls/abs\_all.jsp?arnumber=213344},
year = {1991}
}
@article{witten1987arithmetic,
annote = {Presenta el estado del arte de compresi\'{o}n de informaci\'{o}n en arithmetic coding. Tambien considerado el mejor algoritmo de compresi\'{o}n por encima de Huffman Coding.},
author = {Witten, I.H. and Neal, R.M. and Cleary, J.G.},
issn = {0001-0782},
journal = {Communications of the ACM},
keywords = {arithmetic coding,huffman code},
mendeley-tags = {arithmetic coding,huffman code},
number = {6},
pages = {520--540},
publisher = {ACM},
title = {{Arithmetic coding for data compression}},
url = {http://portal.acm.org/citation.cfm?id=214771},
volume = {30},
year = {1987}
}
@inproceedings{wu1992agrep,
annote = {Herramienta m\'{a}s usada y experimentalmente r\'{a}pida para el problema de Approximate String Matching. Extremadamente \'{u}til.},
author = {Wu, S. and Manber, U.},
booktitle = {Usenix Winter 1992 Technical Conference},
file = {:C$\backslash$:/Users/aeurielesn/Documents/docs/mendeley/library/Wu, Manber/Agrep - A Fast Approximate Pattern-Matching Tool/1992/Wu, Manber - 1992 - Agrep - A Fast Approximate Pattern-Matching Tool.pdf:pdf},
keywords = {lista\_filtrada},
mendeley-tags = {lista\_filtrada},
pages = {153--162},
title = {{Agrep - A Fast Approximate Pattern-Matching Tool}},
url = {http://scholar.google.com/scholar?hl=en\&q=agrep\&btnG=Search\&as\_sdt=1,5\&as\_ylo=\&as\_vis=0\#0},
year = {1992}
}
@article{zipstein1992data,
annote = {Presenta un algoritmo de compresi\'{o}n de informaci\'{o}n que hace uso de factor automation.},
author = {Zipstein, M.},
issn = {0304-3975},
journal = {Theoretical Computer Science},
keywords = {factor automata},
mendeley-tags = {factor automata},
number = {1},
pages = {213--221},
publisher = {Elsevier},
title = {{Data compression with factor automata}},
url = {http://linkinghub.elsevier.com/retrieve/pii/0304397592901445},
volume = {92},
year = {1992}
}
@article{Ziv2002,
annote = {Uno de los algoritmos de compresi\'{o}n m\'{a}s usado y con mejor \'{\i}ndice de compresi\'{o}n. Tambi\'{e}n llamado LZ77. Extremadamente \'{u}til, es objetivo de estudio de muchos art\'{\i}culos.},
author = {Ziv, J. and Lempel, A.},
file = {:C$\backslash$:/Users/aeurielesn/Documents/docs/mendeley/library/Ziv, Lempel/A universal algorithm for sequential data compression/2002/Ziv, Lempel - 2002 - A universal algorithm for sequential data compression.pdf:pdf},
journal = {Information Theory, IEEE Transactions on},
keywords = {bibliografia\_anotada,data compression,lista\_filtrada},
mendeley-tags = {bibliografia\_anotada,data compression,lista\_filtrada},
number = {3},
pages = {337----343},
title = {{A universal algorithm for sequential data compression}},
url = {http://ieeexplore.ieee.org/xpls/abs\_all.jsp?arnumber=1055714},
volume = {2003},
year = {2002}
}
@article{Ziv2003,
annote = {Algoritmo LZ78, es objetivo de estudio de muchos art\'{\i}culos siendo que tiene el mejor \'{\i}ndice de compresi\'{o}n. Extremadamente \'{u}til.},
author = {Ziv, J. and Lempel, A.},
file = {:C$\backslash$:/Users/aeurielesn/Documents/docs/mendeley/library/Ziv, Lempel/Compression of individual sequences via variable-rate coding/2003/Ziv, Lempel - 2003 - Compression of individual sequences via variable-rate coding.pdf:pdf},
journal = {Information Theory, IEEE Transactions on},
keywords = {bibliografia\_anotada,data compression,lista\_filtrada},
mendeley-tags = {bibliografia\_anotada,data compression,lista\_filtrada},
number = {5},
pages = {530----536},
title = {{Compression of individual sequences via variable-rate coding}},
url = {http://ieeexplore.ieee.org/xpls/abs\_all.jsp?arnumber=1055934},
volume = {24},
year = {2003}
}
@article{ziviani2000compression,
annote = {Propuesta de una t\'{e}cnica para compresi\'{\i}on de texto y llaves de b\'{u}squeda para aplicaci\'{o}n en Information Retrieval Systems. \'{U}til, tiene resultados experimentales y logra mantener el texto compreso incluso para actualizaciones.},
author = {Ziviani, N. and de Moura, E.S. and Navarro, G. and Baeza-Yates, R.},
file = {:C$\backslash$:/Users/aeurielesn/Documents/docs/mendeley/library/Ziviani et al./Compression A key for next-generation text retrieval systems/2000/Ziviani et al. - 2000 - Compression A key for next-generation text retrieval systems.pdf:pdf},
issn = {0018-9162},
journal = {Computer},
keywords = {data compression,huffman code,lista\_filtrada},
mendeley-tags = {data compression,huffman code,lista\_filtrada},
pages = {37--44},
publisher = {Published by the IEEE Computer Society},
title = {{Compression: A key for next-generation text retrieval systems}},
url = {http://www.computer.org/portal/web/csdl/doi/10.1109/2.881693},
year = {2000}
}
@inproceedings{zobel1993searching,
annote = {Describe como hacer uso de un archivo de indexacion invertido comprimido para buscar l\'{e}xicos que concuerdan con un patron o un t\'{e}rmino parcialmente especificado.},
author = {Zobel, J. and Moffat, A. and Sacks-Davis, R.},
booktitle = {Proc. International Conference on Very Large Databases},
publisher = {Citeseer},
title = {{Searching large lexicons for partially specified terms using compressed inverted files}},
url = {http://citeseerx.ist.psu.edu/viewdoc/summary?doi=10.1.1.56.5162},
year = {1993}
}
