@article{Urieles2011a,
author = {Urieles, A.},
journal = {Seminario de Investigación I},
title = {{Interés de Investigación}},
url = {http://lisi1.unal.edu.co/~aeurielesn/docs/2011/sem1/deliveries/interes-de-investigacion.pdf},
year = {2011}
}
@article{Urieles2011b,
author = {Urieles, A.},
journal = {Seminario de Investigación I},
title = {{Lista Inicial de Fuentes de Informacion}},
url = {http://lisi1.unal.edu.co/~aeurielesn/docs/2011/sem1/deliveries/identificacion-inicial-de-fuentes.pdf},
year = {2011}
}
@article{Urieles2011c,
author = {Urieles, A.},
journal = {Seminario de Investigación I},
title = {{Lista Inicial de Referencias}},
url = {http://www.mendeley.com/groups/952741/datacompression-alexanderurieles/papers/},
year = {2011}
}
@article{Urieles2011d,
author = {Urieles, A.},
journal = {Seminario de Investigación I},
title = {{Tema Amplio de Investigación}},
url = {http://lisi1.unal.edu.co/~aeurielesn/docs/2011/sem1/deliveries/tema-amplio.pdf},
year = {2011}
}
